2909 4892
799 677 1111 761 Equidem
1158 683 1363 742 tot-um
1412 677 1580 745 bunc
1626 678 1831 742 locum
1883 677 2001 742 hoc
2043 675 2182 741 fere
2213 675 2400 740 modo
2444 674 2656 754 legen-

592 789 741 853 dum
786 790 1268 871 proposuerim:
1335 780 1563 872 ὥσπερ
1627 784 1701 852 αἱ
1756 776 2112 851 ἀκόλαστοι
2169 784 2298 850 τῶν
2347 783 2659 868 γυναικῶν

594 898 688 982 τῷ
747 888 1066 973 πολλάκις
1122 898 1231 963 καὶ
1301 898 1577 974 πολλοῖς
1635 896 2136 980 συμπλέκεσθαι
2193 896 2322 961 τῶν
2383 884 2661 980 πρώτων

594 1012 850 1096 κρατεῖν
889 998 981 1096 μῆ
1029 998 1352 1088 δύνανται,
1398 1002 1491 1085 ὠς
1535 998 1990 1090 ἀμελουμένων
2032 1005 2141 1073 καὶ
2169 995 2658 1093 ἀπορρεόντων.

595 1119 774 1186 Sicut
815 1120 1090 1186 lascivae
1134 1122 1302 1187 inter
1350 1120 1645 1187 mulieres
1685 1139 1785 1197 eo,
1851 1121 2017 1201 quod
2064 1138 2253 1200 saepe
2311 1126 2380 1183 et
2415 1118 2660 1183 ,multos

597 1232 1123 1312 complectuntur,
1170 1231 1409 1313 primos
1456 1231 1735 1296 retinere
1780 1250 1903 1295 non
1935 1236 2226 1312 possunt,
2274 1229 2507 1312 quippe
2551 1227 2661 1312 qui

596 1342 1024 1424 negleguntur
1069 1349 1535 1424 proptereaque
1580 1343 1931 1408 discedunt.
1982 1377 2059 1389 -—-

1434 1472 1578 1533 pag.
1629 1458 1710 1517 94
1756 1453 1828 1517 Β.

804 1551 982 1626 Ἐπεὶ
1027 1560 1086 1629 δ’
1132 1554 1171 1649 ἦ
1205 1550 1491 1649 ἀληθινῇ
1544 1558 1739 1647 φιλία
1785 1559 1937 1646 τρία
1982 1561 2163 1648 ζητεῖ
2200 1552 2511 1642 μάλιστα,
2556 1553 2671 1648 τήν

604 1660 840 1760 ἀρετ-ἠν
898 1664 988 1747 ὥς
1045 1662 1262 1750 καλόν,
1315 1670 1418 1736 καὶ
1466 1695 1580 1758 τνν
1625 1662 1979 1759 amquam»
2037 1696 2127 1749 ως
2186 1665 2333 1759 ἡδο,
2397 1671 2507 1737 καὶ
2552 1664 2670 1759 τήν

605 1779 828 1869 χρείαν
887 1805 977 1859 ως
1034 1769 1409 1867 αναγκαῖον·
1490 1782 1595 1848 δεῖ
1649 1807 1776 1867 γαρ
1844 1773 2096 1853 ἆποὸέ
2071 1787 2314 1849 ζασθαι
2371 1782 2671 1868 κρίνοντα

606 1891 953 1980 (κρίναντα)
1013 1891 1119 1959 καὶ
1165 1891 1418 1981 χαίρειν
1479 1883 1750 1959 συνόντα
1806 1891 1912 1958 καὶ
1959 1894 2253 1982 χρῆσθαι
2319 1886 2668 1977 δεόμενον·

608 1993 652 2068 α
710 2028 923 2070 παντα
976 1994 1149 2089 πρός
1204 2028 1318 2090 την
1381 2003 1783 2092 πολιφιλίαν
1841 1998 2218 2071 aia-cenamus
2213 2030 2331 2071 ται
2384 2004 2492 2071 καὶ
2549 2030 2675 2087 μα’

610 2103 800 2179 λιστα
842 2138 987 2191 πως
1028 2106 1108 2179 τό
1152 2139 1552 2200 κυριωτατοι
1595 2108 1632 2202 ἦ
1662 2113 1907 2200 κρίσις·
1958 2115 2268 2181 σκεπτέον
2297 2105 2381 2203 «523
2411 2118 2676 2204 πρῶτον

610 2222 673 2291 εἰ
715 2215 1034 2290 οἶδὺνατόν
1078 2223 1218 2291 ἐστι
1259 2251 1315 2289 κ.
1361 2250 1414 2292 τ.
1465 2227 1518 2290 λ.

822 2338 941 2416 Qui
987 2337 1162 2402 locus
1207 2358 1397 2421 quam
1446 2339 1719 2403 maxime
1758 2340 2060 2405 turbatus
2107 2361 2145 2404 a
2190 2339 2677 2422 wyttenbachio

613 2451 694 2516 ad
739 2455 981 2515 certam
1026 2449 1426 2528 sententiam,
1492 2458 1564 2513 ut
1607 2451 1727 2530 ipsi
1776 2451 2052 2525 videtur,
2115 2450 2493 2517 emendatus
2553 2459 2670 2528 est,

613 2580 753 2626 cum
801 2560 1050 2642 priores
1094 2560 1375 2625 editores
1423 2561 1635 2625 varias
1681 2561 1983 2626 lectiones
2031 2562 2497 2643 praebuissent.
2555 2562 2672 2629 At-

615 2691 739 2755 que
763 2671 1124 2753 Stephanus
1156 2670 1408 2752 quidem
1450 2671 1830 2751 scripserat:
1872 2660 2134 2757 Ἐπειδή
2165 2660 2451 2758 ἀληθινή
2484 2669 2678 2759 φιλία

618 2820 703 2830 -
727 2779 836 2844 καὶ
864 2769 1153 2861 μάλιστα
1182 2768 1355 2864 πρός
1389 2772 1465 2847 τό
1502 2771 1932 2866 κυριώτατον·
1970 2781 2277 2847 σκεπτέον
2315 2781 2389 2847 δὲ
2417 2782 2685 2867 πρῶτον

619 2889 680 2957 εἰ
737 2884 1009 2957 δυνατόν
1066 2929 1139 2938 -
1201 2882 1520 2978 χορευτάς
1595 2891 2241 2976 συναγορευομένους,
2312 2890 2536 2981 ἐρέτας
2599 2931 2677 2941 -

619 2999 856 3088 φίλους
898 2992 1189 3078 πολλοὺς
1231 2992 1501 3087 εἷςάγων
1543 2992 1769 3090 ἁπάσῃ
1812 2994 1970 3092 τύχῃ
2016 3002 2683 3086 συναποδυσομένους.

629 3150 696 3161 -
764 3115 1130 3181 Herchcrus
1186 3121 1401 3183 autem
1456 3115 1522 3179 in
1584 3116 1806 3183 multis
1865 3117 2057 3182 rebus
2117 3117 2676 3200 Wyttenbachium

622 3232 877 3291 secutus
923 3226 1150 3291 haecce
1196 3226 1464 3307 recepit:
1514 3222 1658 3289 ἐπεὶ
1708 3223 1766 3286 δ’
1812 3217 1850 3312 ἡ
1890 3214 2175 3313 ἀληθινή
2222 3223 2417 3314 φιλία
2463 3264 2541 3274 --
2587 3219 2682 3301 οἷς

623 3324 964 3420 ἀναγκαῖον
1024 3333 1157 3411 (δεῖ
1210 3324 1335 3421 γάρ
1381 3372 1459 3384 -
1524 3328 1563 3422 ἦ
1610 3332 1847 3422 κρίσις)
1906 3332 2219 3402 σκεπτέον
2279 3337 2546 3417 (omisso
2602 3327 2684 3423 δή

627 3447 727 3513 vel
774 3445 871 3529 δὲ)
915 3444 1180 3533 πρῶτον
1227 3441 1289 3509 εἰ
1333 3437 1689 3524 ,,δι··νατόν“
1734 3444 1874 3512 ἐστι
1917 3472 1971 3513 κ.
1989 3471 2046 3511 τ.
2069 3448 2124 3512 λ.

836 3559 907 3624 In
940 3577 1065 3641 quo
1096 3558 1234 3623 loco
1266 3559 1604 3623 tractando
1639 3577 1762 3623 non
1794 3578 2002 3624 meum
2037 3564 2155 3635 est,
2204 3559 2418 3625 omnia
2448 3559 2685 3623 exami-

627 3687 802 3749 nare,
851 3686 1014 3750 quac
1045 3666 1574 3750 wyttenbachius
1620 3669 1718 3733 vel
1764 3688 1841 3735 ex
1874 3669 2017 3734 aliis
2056 3668 2239 3733 libris
2284 3667 2543 3749 collegit
2585 3667 2686 3731 vel

629 3780 765 3862 ipse
811 3778 1099 3859 conjecit.
1189 3778 1501 3859 Equidem
1536 3798 1729 3843 unum
1777 3780 2048 3845 maxime
2094 3779 2156 3843 in
2181 3777 2685 3859 disputationem

630 3891 960 3968 adducam,
987 3888 1153 3970 quod
1177 3888 1424 3969 largam
1460 3889 1610 3953 mihi
1641 3889 1943 3970 praebuit
1972 3888 2305 3955 dubitandi
2330 3888 2684 3953 materiam.

631 4002 795 4069 Nam
841 4000 939 4064 vel
987 4017 1154 4076 eum,
1201 3999 1309 4080 qui
1357 3998 1565 4064 obiter
1609 4001 1768 4082 legit
1812 3999 1979 4064 hunc
2022 3999 2248 4076 locum,
2301 4017 2422 4063 non
2471 4004 2685 4080 potest

632 4129 755 4184 non
801 4109 1121 4183 offendere
1183 4116 1513 4182 structura
1566 4109 1754 4197 hujus
1800 4109 2066 4195 periodi,
2125 4127 2295 4193 quae
2339 4109 2550 4174 verbis
2596 4126 2686 4185 eo,
