2909 4892
1409 553 1833 612 -24-

592 717 911 798 usurpari,
960 722 1033 781 ut
1070 716 1307 782 indicet
1351 718 1433 795 id,
1481 719 1648 800 quod
1694 717 1970 783 efficitur
2001 718 2112 791 eia,
2158 737 2324 799 quac
2369 719 2431 782 in
2466 722 2642 782 ante-

595 827 856 890 cedente
901 829 1232 893 enuntiato
1277 829 1446 892 dicta
1494 835 1662 904 sunt,
1721 830 1881 893 satis
1926 835 2144 893 notum
2190 835 2306 893 est.
2397 829 2643 893 Inveni·

594 942 791 1001 untur
835 944 1048 1002 autem
1094 939 1234 1014 loci,
1283 939 1388 1019 ubi
1436 938 1755 1020 particula
1797 939 1906 1003 illa
1950 940 2132 1020 quasi
2166 939 2413 1004 abunde
2460 957 2642 1003 usur-

593 1053 749 1128 pata
792 1053 909 1112 est.
977 1049 1174 1129 CuJ'us
1207 1068 1360 1113 usus
1391 1050 1678 1131 exempla
1724 1049 2135 1113 conferantur
2166 1049 2429 1114 haecce:
2477 1049 2641 1116 Plut.

595 1158 759 1222 Mor.
806 1177 950 1239 pag.
1001 1165 1125 1224 340
1172 1160 1262 1224 D:
1326 1156 1618 1223 ἐκαλεῖτο
1664 1157 1739 1222 δὲ
1782 1150 1912 1242 ἄρα
1951 1148 2322 1238 Ἀλὺνομος.
2382 1193 2447 1204 —-
2499 1178 2642 1239 pag.

596 1275 719 1333 385
766 1269 846 1334 E.
883 1258 1055 1332 Ἐπεὶ
1103 1266 1178 1332 δὲ
1230 1259 1666 1349 Κλεόβουλος,
1716 1262 1751 1332 ὁ
1801 1267 2095 1333 Λινδίων
2137 1259 2465 1352 τύραννος,
2514 1259 2652 1332 εἶτα

590 1376 1002 1463 Περίανδρος
1066 1372 1101 1442 ὁ
1141 1376 1577 1466 ,Κορίνθιος,
1653 1370 1842 1444 οὐδὲν
1911 1369 2136 1455 αιἰτοῒς
2200 1370 2437 1466 αρετῆς
2498 1369 2652 1444 οὐδὲ

594 1487 857 1576 σοφίας,
925 1480 1093 1555 ἄλλα
1130 1480 1424 1572 ,δυνάμει
1484 1490 1592 1556 καὶ
1639 1490 1865 1575 φίλοις
1908 1491 2016 1557 καὶ
2059 1482 2285 1575 χάρισι
2338 1496 2646 1573 καταβια-

591 1588 859 1681 ζόμενοι
902 1593 1016 1689 τήν
1061 1590 1276 1682 δόξαν,
1324 1597 1625 1686 ἐνέβαλον
1669 1599 1764 1678 εἰς
1795 1594 2083 1682 τοῦνομα
2117 1603 2245 1667 τῶν
2276 1602 2505 1688 σοφῶν
2542 1600 2650 1667 καί

589 1734 772 1786 τινας
814 1701 1071 1795 γνώμας
1113 1712 1218 1776 καὶ
1268 1704 1500 1795 λόγους
1554 1712 1920 1795 ἐξέπεμπον
1978 1713 2084 1778 καὶ
2132 1713 2514 1796 διέσπειρον
2558 1709 2651 1788 εἷς

590 1814 706 1908 τήν
730 1811 1000 1887 Ἑλλάδα
1034 1826 1176 1897 τοῖς
1207 1816 1317 1887 ὐπ’
1337 1818 1591 1888 ἐκείνων
1635 1822 2007 1907 λεγομένοις
2053 1817 2348 1905 ὁμοίους,
2385 1860 2462 1872 —-
2514 1824 2657 1899 δυς-

592 1922 983 2018 χερᾶναντας
1027 1926 1158 2018 ἄρα
1198 1924 1356 2010 τούς
1400 1925 1645 2021 ἄνδρας
1689 1933 2042 2019 ἐξελέγχειν
2082 1934 2198 2016 μὲν
2244 1926 2372 2000 οὐκ
2403 1934 2659 2001 ἐθέλειν

594 2036 710 2133 τήν
737 2034 1120 2124 ἅλαζονείαν
1154 2035 1309 2110 οὖδὲ
1341 2045 1642 2132 φανερῶς
1691 2039 1854 2133 ὑπὲρ
1903 2037 2098 2134 δόξης
2145 2036 2656 2128 ἀπεχθάνεσθαι

591 2156 699 2220 καὶ
747 2146 1202 2237 διαμάχεσθαι
1246 2148 1419 2243 πρός
1464 2147 1865 2240 ἆνθρώπους
1906 2156 2072 2241 μέγα
2118 2157 2524 2240 δυναμένους.
2586 2197 2650 2206 --

593 2289 739 2350 pag.
796 2276 901 2334 151
952 2271 1032 2334 1⁴⁸:
1085 2260 1196 2333 οἷα
1241 2267 1348 2332 καὶ
1393 2259 1567 2353 πρός
1611 2261 1786 2355 ἡμᾶς
1830 2265 1925 2344 εἷς
1955 2268 2291 2353 Αἴγυπτον
2333 2259 2659 2356 ἇπηγγέλη

594 2378 749 2465 περὶ
810 2376 1129 2458 Χίλωνος,
1201 2372 1291 2454 οἷς
1342 2370 1474 2464 ἄρα
1538 2370 1924 2446 διαλύσαιτο
1984 2372 2099 2467 τήν
2157 2371 2329 2467 πρὸς
2394 2373 2660 2444 Σόλωνα

591 2488 820 2576 φιλίαν
863 2488 971 2554 καὶ
1015 2487 1244 2570 ξενίαν,
1293 2483 1401 2555 ὅτι
1439 2482 1598 2566 τούς
1641 2481 1882 2573 νόμους
1927 2484 1966 2555 ὁ
2014 2481 2237 2556 Σόλων
2280 2485 2406 2579 ἔφη
2450 2514 2655 2572 μετα-

591 2592 890 2687 κινητούς
935 2593 1122 2665 εἶναι.
1171 2638 1246 2649 -

1437 2731 1582 2795 pag.
1633 2719 1712 2779 96
1761 2715 1833 2778 A.

787 2811 1017 2887 Ἐκεῖνο
1064 2822 1136 2886 δὲ
1178 2821 1426 2902 μᾶλλον
1472 2816 1622 2908 ἡμῖν
1686 2821 1992 2906 παραίνει
2039 2815 2118 2887 τό
2168 2814 2655 2908 Πυθαγορικόν,

588 2926 678 3020 μή
724 2933 997 3009 πολλοῖς
1043 2924 1388 3015 ἐμβάλλειν
1434 2925 1676 3014 δεξιᾰι·,
1721 2933 2015 2999 τοινιέστι
2060 2925 2150 3021 μή
2183 2925 2473 3008 πολλοὺς
2502 2956 2654 2998 ποι-

593 3049 823 3109 εἴσθαι
878 3041 1113 3130 φίλους
1155 3043 1319 3131 μηδὲ
1364 3034 1755 3108 πολύκοινον
1809 3043 1976 3131 μηδὲ
2032 3034 2373 3130 πάνδημον
2432 3034 2650 3108 ἆσπά-

590 3155 832 3235 §eoam
877 3152 1104 3241 φιλίαν
1144 3153 1250 3218 καὶ
1294 3146 1470 3242 πρός
1517 3152 1805 3219 ἐναντίαν
1848 3147 2074 3242 ἢμετοῖ
2105 3154 2368 3219 πολλῶν
2411 3153 2655 3218 παθῶν

591 3264 901 3343 είςιοῦσα.

795 3379 1079 3442 Primum
1143 3376 1499 3441 addendum
1545 3383 1667 3451 est,
1733 3377 1979 3440 codices
2039 3376 2438 3441 Parisienses
2485 3377 2540 3439 D
2585 3380 2653 3439 et

588 3489 661 3564 Ε,
687 3489 958 3552 codicem
994 3487 1256 3566 Collegii
1292 3487 1474 3559 Novi,
1510 3487 1817 3550 editiones
1856 3487 2168 3561 Aminiam,
2200 3486 2641 3560 Basiliensem,

585 3598 1013 3679 Xylandream
1062 3599 1372 3679 praebere
1420 3593 1705 3682 ἐναντίην
1748 3621 1807 3682 η,
1872 3598 2145 3662 codicem
2217 3597 2642 3661 Parisiensem

589 3707 638 3773 C
682 3708 875 3772 etiam
921 3708 1286 3789 corruptius
1330 3696 1504 3791 πρὸς
1550 3697 1626 3791 ἦν
1667 3731 1734 3770 τι
1766 3698 1851 3770 ἂν
1882 3697 1943 3794 ἦ.
2000 3744 2066 3754 -
2118 3709 2293 3786 Quas
2338 3706 2645 3771 lectiones

585 3814 674 3884 nil
702 3817 918 3882 valere
949 3836 1152 3898 neque
1182 3818 1527 3899 quidquam
1559 3820 1888 3897 praebere,
1916 3836 1991 3881 ex
2024 3836 2150 3899 quo
2182 3816 2388 3898 possit
2417 3816 2647 3880 melior

583 3929 771 3993 lectio
814 3928 975 4006 elici,
1024 3945 1146 3991 non
1193 3934 1293 3990 est
1336 3927 1501 4008 quod
1546 3927 1751 3991 fusius
1795 3946 2123 4007 exponam.

795 4038 1126 4104 Sententia
1169 4043 1380 4101 autem
1439 4037 1560 4101 loci
1606 4038 1762 4101 haec
1805 4043 1942 4103 est:
1999 4036 2160 4100 lllud
2208 4054 2359 4100 vero
2402 4034 2646 4115 Pytha-

586 4150 872 4234 goricum
918 4147 1100 4212 nobis
1144 4148 1459 4233 praecipe,
1506 4166 1585 4214 ne
1630 4148 1848 4213 multis
1879 4145 2169 4215 dextram
2213 4148 2647 4231 porrigamuS,
