2909 4892
1090 513 1517 572 ...23-

275 697 459 760 quem
508 696 708 760 supra
752 678 961 756 attuli,
1024 679 1210 743 modo
1257 678 1604 759 dispositiS,
1667 679 1759 743 ita
1803 685 1905 744 est
1948 685 2338 760 comparata,

278 795 352 854 ut
394 788 754 854 enuntiatio
817 790 1195 854 secundaria
1239 789 1354 854 sit:
1415 780 1593 853 Ἐπεὶ
1640 787 1697 852 δ’
1745 781 1786 875 ἦ
1832 785 2029 875 φιλία
2072 840 2087 856 .
2125 839 2163 869 .,
2207 789 2340 870 pri-

275 900 481 965 maria
525 918 677 965 vero
721 899 985 981 incipiat
1029 919 1069 964 a
1113 900 1325 966 verbis
1371 895 1687 965 σκεπτέον
1732 889 1836 987 δή,
1902 906 2096 982 atque
2141 900 2340 965 inter-

270 1011 484 1093 posita
527 1011 657 1075 sint
719 1010 903 1092 quasi
946 1011 1385 1092 parenthetica
1438 1012 1565 1077 duo
1635 1013 2001 1077 enuntiata:
2071 1009 2178 1075 δεῖ
2215 1001 2341 1096 γᾰρ

275 1157 351 1168 -
385 1117 618 1207 κρίσις.
689 1123 898 1201 Atque
941 1122 1217 1201 primum
1244 1123 1502 1204 quidem
1540 1123 1901 1205 quaeritur,
1959 1141 2111 1187 num
2143 1142 2340 1187 enun-

265 1233 459 1297 tiatio
518 1232 828 1314 primaria
896 1228 1208 1296 σκεπτέον
1252 1222 1336 1319 δὴ
1388 1269 1462 1281 --
1525 1229 2136 1314 συναποδουμένους
2193 1240 2343 1316 apte

268 1342 650 1408 adnectatur
694 1343 776 1407 ad
822 1344 1268 1408 secundariam
1315 1340 1460 1408 ἐπεὶ
1506 1341 1566 1407 δ’
1612 1336 1652 1432 ἦ
1699 1332 1981 1430 ἀληθινή
2017 1394 2030 1409 .
2066 1394 2079 1409 .
2117 1395 2130 1409 .
2179 1344 2342 1409 Nam

271 1453 592 1519 sententia
635 1454 849 1519 evadit
893 1454 1079 1520 haec:
1145 1455 1671 1537 Quandoquidem
1718 1456 1800 1521 ad
1848 1473 2066 1520 veram
2110 1454 2332 1521 amici-

269 1565 425 1631 tiam
473 1565 603 1629 tria
646 1565 1052 1645 potissimum
1096 1566 1537 1647 requiruntur,
1605 1566 1813 1630 virtus
1860 1572 1933 1630 ut
1974 1566 2333 1647 pulchrum,

264 1675 656 1741 consuetudo
704 1682 775 1740 ut
810 1676 1177 1756 jucundum,
1225 1694 1378 1741 usus
1420 1682 1498 1740 ut
1542 1677 2011 1742 necessarium:
2059 1676 2335 1757 primum

266 1787 469 1868 igitur
526 1785 1020 1865 existimandum
1081 1794 1199 1863 est,
1262 1788 1318 1851 si
1363 1787 1542 1852 brevi
1597 1793 1889 1869 tempore
1955 1788 2166 1869 deligi.
2214 1806 2335 1851 non

262 1900 515 1980 possint
572 1898 811 1962 chorici
871 1897 1235 1973 saltatoreS‚
1288 1933 1362 1945 —-
1412 1899 1624 1962 minus
1667 1898 1861 1964 etiam
1910 1898 2106 1978 deligi
2149 1915 2338 1979 posse

264 2009 506 2074 multos
552 2009 789 2074 amicos
835 2026 1083 2073 omnem
1126 2028 1255 2072 una
1296 2006 1562 2088 paratos
1609 2010 1826 2074 subire
1873 2008 2218 2074 fortunam.

476 2121 654 2198 Quae
698 2119 987 2183 membra
1030 2118 1345 2183 enuntiati
1391 2120 1613 2184 statim
1646 2119 1891 2185 videbis
1923 2120 2134 2183 minus
2167 2118 2338 2183 inter

228 2250 335 2299 ,se
380 2231 736 2309 convenire,
782 2248 924 2294 oum
970 2230 1226 2294 omnino
1272 2249 1398 2295 non
1428 2230 1864 2312 intellegatur,
1913 2248 2078 2311 quae
2108 2247 2331 2294 eorum

266 2342 355 2407 sit
396 2341 586 2406 ratio.
676 2341 887 2422 Atque
932 2347 1206 2421 augetur
1250 2341 1571 2422 asperitas
1603 2342 1931 2418 orationiS,
1980 2340 2333 2405 enuntiatis

266 2450 386 2516 δεῖ
421 2440 549 2540 γάρ
593 2502 609 2516 .
645 2502 659 2517 .
694 2497 710 2516 .
754 2458 821 2516 et
864 2439 909 2514 ἃ
954 2440 1170 2515 πάντα
1203 2499 1216 2515 .
1255 2500 1269 2515 .
1306 2501 1321 2516 .
1368 2451 1541 2517 inter
1582 2451 1726 2516 illas
1755 2453 2044 2532 eiusdem
2090 2451 2341 2532 periodi

272 2568 492 2644 partes
569 2562 984 2643 interpositis
1098 2563 1272 2640 Quas
1353 2561 1733 2627 offensiones
1809 2561 2341 2643 difficultatesque

267 2674 452 2739 facile
496 2675 780 2739 arbitror
825 2674 1139 2739 removeri
1200 2691 1407 2754 posse,
1455 2676 1508 2737 si
1554 2692 1671 2754 pro
1720 2671 1824 2738 δεῖ
1865 2663 1990 2760 γᾰρ
2036 2673 2339 2738 scribitur

275 2783 382 2850 δεῖ
421 2801 499 2848 σε
540 2776 666 2869 ἄρ’.

475 2895 1078 2977 interpretationem
1123 2901 1335 2960 autem
1382 2894 1506 2959 loci
1549 2894 1994 2976 proposuerim
2039 2895 2221 2971 hanc,
2271 2900 2342 2957 ut

271 3011 572 3085 statuam,
621 3006 766 3071 inde
808 3006 890 3071 ab
936 3005 1034 3069 his
1066 3005 1283 3070 verbis
1328 3005 1610 3084 incipere
1656 3004 2159 3069 enuntiationem
2203 3004 2336 3086 pri-

272 3118 574 3183 mariam:
642 3115 1166 3197 Quandoquidem
1223 3116 1304 3180 ad
1350 3133 1568 3180 veram
1626 3115 1976 3179 amicitiam
2025 3114 2160 3179 tria
2222 3132 2335 3196 po-

271 3227 593 3292 tissimum
661 3227 1115 3309 requiruntur,
1186 3227 1394 3290 virtus
1457 3233 1523 3291 et
1578 3226 1969 3290 consuetudo
2033 3232 2103 3291 et
2163 3243 2340 3303 uSuS,

266 3339 505 3420 jndicio
552 3338 838 3404 adhibito
881 3338 1311 3419 reci-piendum
1359 3337 1529 3417 (tibi)
1575 3344 1678 3401 est
1706 3336 2023 3421 (amicos),
2071 3344 2137 3401 et
2180 3355 2336 3417 gau-

269 3450 543 3514 dendum
590 3448 1046 3513 consuetudine
1092 3466 1334 3524 eorum,
1397 3452 1463 3511 et
1506 3447 1614 3512 ubi
1659 3466 1818 3529 opus
1865 3456 1983 3526 est,
2033 3449 2109 3512 iis
2157 3455 2340 3512 uten-

269 3561 418 3625 dum
472 3595 542 3606 --
593 3550 755 3641 quae
820 3560 987 3629 bona
1031 3565 1098 3622 et
1141 3558 1277 3622 loco
1325 3564 1547 3622 nostro
1602 3558 2201 3622 convenientissima
2249 3558 2337 3621 vi·-

276 3672 464 3735 detur
510 3688 651 3735 esse
696 3669 1030 3748 sententia,
1092 3688 1235 3733 cum
1283 3669 1572 3750 singulae
1615 3676 1835 3751 partes
1890 3669 2082 3749 hujus
2143 3686 2340 3732 enun-

272 3780 422 3845 tiati
479 3781 640 3845 bene
698 3780 1132 3861 respondeant
1186 3780 1421 3861 prioris
1483 3779 1800 3845 enuntiati
1860 3778 2179 3844 membris,
2258 3778 2345 3842 Et

278 3891 611 3973 sequentia
654 3909 904 3972 quoque
935 3891 1131 3954 verba
1161 3890 1254 3954 ita
1288 3890 1528 3972 optime
1555 3889 1919 3971 producunt
1956 3890 2332 3955 orationem.

482 4001 698 4065 Pauca
762 4001 1033 4083 denique
1098 4001 1333 4065 addere
1389 3999 1545 4065 mihi
1601 4000 1793 4065 liceat
1845 4001 1922 4064 de
1980 3999 2336 4081 particulae

275 4101 404 4197 ἄρα
446 4111 512 4175 vi
558 4116 623 4176 et
666 4128 806 4176 usu.
896 4113 1102 4191 Quam
1147 4112 1228 4177 ab
1274 4111 1508 4177 Atticis
1555 4111 1975 4196 scriptoribus
2007 4129 2202 4196 saepe
2247 4111 2343 4185 ita
