2909 4892
1144 501 1566 560 ...ῃ-

309 669 700 735 inscribitur
747 667 1005 732 Laelius
1049 668 1184 731 sive
1230 667 1307 731 de
1352 666 1650 730 amicitia.
1741 664 1970 728 Paucis
2031 678 2182 727 vero
2226 661 2376 725 licet

320 779 743 845 Aristotelem
791 778 1142 853 absolvere,
1201 777 1432 858 quippe
1477 777 1657 856 cujus
1714 775 1879 839 ratio
1942 772 2292 837 disserendi
2341 792 2376 834 a

314 890 716 956 Plutarchea
780 906 971 969 quam
1040 887 1312 951 maxime
1381 886 1553 951 absit
1607 893 1676 949 et
1729 885 2079 949 sententias
2139 883 2376 946 similes

317 1002 639 1083 praebeat
681 999 815 1063 fere
861 999 1087 1062 nullae.
1180 998 1299 1061 Vix
1342 998 1510 1060 enim
1568 996 1691 1059 huc
1752 996 2073 1075 pertinere
2125 1012 2378 1058 conces-

315 1111 508 1188 seriS,
572 1109 739 1191 quod
796 1109 941 1173 Eth.
1008 1108 1246 1172 Nicom.
1294 1107 1462 1171 VIII.
1525 1126 1660 1186 cap.
1723 1112 1794 1169 11
1857 1106 2123 1186 legitur:
2184 1102 2289 1166 καὶ
2337 1093 2379 1187 ἦ

315 1215 696 1306 παροιμία·
744 1207 972 1297 ,,κοινοῖ
1015 1207 1099 1280 τοὶ
1145 1214 1395 1302 φίλων“
1443 1205 1692 1299 ὀρθῶς,
1751 1216 2043 1297 idemque
2100 1216 2162 1277 iu
2224 1213 2373 1277 Plu-

304 1333 547 1399 tarcho
593 1332 917 1396 invenitur
971 1318 1156 1393 κοινά
1200 1317 1283 1392 τοὶ
1329 1324 1542 1413 φίλων
1597 1318 1969 1413 ἡγούμενος,
2039 1345 2180 1390 cum
2225 1346 2371 1389 con-

316 1451 543 1511 textus
604 1436 1179 1510 sententiarumin
1225 1447 1499 1521 utroque
1541 1440 1679 1505 loco
1723 1457 1989 1521 prorsus
2047 1440 2211 1504 alius
2271 1439 2373 1502 sit.

321 1561 540 1638 Atque
583 1555 812 1619 similis
856 1560 956 1618 est
1003 1553 1171 1617 ratio
1215 1552 1522 1630 locorum,
1577 1551 1807 1632 quibus
1866 1552 2138 1615 amicum
2193 1550 2376 1631 quasi

328 1669 613 1733 alterum·
641 1667 849 1747 ipsum
881 1683 1020 1730 esse
1052 1664 1284 1727 dicitur
1317 1654 1429 1738 (cf,
1452 1663 1619 1727 Plut.
1654 1682 1798 1745 pag.
1833 1668 1934 1727 93.
1968 1664 2065 1739 E„
2109 1662 2374 1729 Aristot.

320 1779 474 1844 Eth.
522 1778 764 1843 Nicom.
813 1777 921 1853 IX,
984 1784 1041 1843 4.
1098 1777 1319 1842 addita
1372 1776 1680 1852 Ciceron.,
1729 1775 1899 1841 Lael.
1946 1775 2085 1853 VII,
2141 1774 2196 1855 ξ.
2247 1773 2376 1854 23).

327 1892 529 1972 Atqui
572 1887 636 1953 in
682 1888 1052 1953 universum
1098 1889 1351 1969 quidem
1412 1889 1611 1953 statui
1658 1894 1870 1967 potest
1915 1887 2377 1952 sententiarum

322 1986 677 2067 similitudo
749 2001 828 2064 iis
892 2000 1064 2077 lociS,
1122 1999 1352 2082 quibus
1420 2000 1498 2063 de
1564 2000 1971 2065 multitudine
2029 2001 2374 2064 amicorum

324 2115 673 2179 disserunt.
762 2112 1125 2177 Praemisso
1168 2112 1335 2175 enim
1380 2111 1720 2190 proverbio
1751 2113 1878 2190 illc,
1912 2112 2065 2177 salis
2098 2100 2374 2178 modium

321 2225 653 2289 nobiscum
715 2223 922 2287 edisse
983 2223 1253 2286 amicum
1315 2239 1475 2302 opus
1535 2238 1695 2298 esse,
1768 2222 2144 2287 Aristoteles
2198 2223 2373 2296 (Eth.

324 2334 572 2398 Nicom.
622 2332 793 2409 VIII,
842 2333 930 2415 4),
979 2337 1052 2397 ut
1096 2348 1312 2396 veram
1361 2332 1708 2397 amicitiam
1753 2333 2059 2412 temporis
2090 2333 2377 2412 indigere

322 2450 390 2509 et
425 2443 904 2509 consuetudinis
936 2442 1178 2518 doceat,
1225 2459 1367 2506 cum
1397 2441 1615 2506 multis
1648 2442 2003 2506 hominibus
2035 2443 2378 2507 amicitiam

324 2573 547 2619 veram
593 2553 917 2617 conciliari
966 2553 1228 2633 nequire
1288 2553 1631 2629 contendit,
1691 2554 1859 2633 quod
1918 2553 2134 2622 multis
2193 2551 2380 2617 fami-

321 2666 549 2730 liarem
607 2659 767 2740 fieri,
827 2681 966 2727 cum
1015 2663 1231 2727 multis
1276 2662 1790 2743 conjunctissime
1849 2664 2115 2741 versari,
2177 2664 2380 2730 officia

325 2776 546 2854 multis
591 2780 944 2857 praestare,
993 2757 1488 2854 uniuscujusque
1530 2775 1799 2856 denique
1829 2777 2204 2857 participem
2235 2794 2377 2841 esse

322 2901 543 2952 rerum
575 2899 1034 2967 prosper-arum
1071 2890 1136 2948 et
1166 2884 1449 2948 tristium
1482 2881 1921 2951 difficillimum
1955 2888 2057 2951 sit.
2105 2888 2378 2952 Accedit

324 3002 559 3072 autem,
601 2996 769 3075 quod
802 2994 988 3057 amici
1022 2993 1115 3057 illi
1149 2994 1563 3070 celeberrimi,
1598 2997 1941 3060 memoriae
1967 2995 2213 3074 traditi,
2245 2995 2378 3061 bini

324 3121 578 3186 semper
621 3103 903 3169 fuerunt.
953 3104 1184 3184 (Ethic.
1219 3103 1462 3169 Nicom.
1505 3101 1675 3183 vm,
1709 3112 1766 3170 4.
1803 3106 1971 3184 VIII,
2008 3112 2064 3169 7.
2098 3107 2209 3184 IX,
2248 3110 2372 3178 10).

326 3216 505 3292 Quae
542 3214 755 3279 omnia
798 3212 934 3278 fere
979 3219 1338 3293 congruunt
1389 3231 1533 3278 cum
1592 3215 1703 3293 eiS,
1767 3227 1928 3295 quae
1992 3215 2374 3280 Plutarchus

325 3323 480 3409 περὶ
540 3319 942 3408 πολυφιλίας
992 3325 1160 3405 (pag.
1210 3330 1291 3388 94
1336 3325 1581 3406 A—E.)
1639 3327 1721 3389 de
1765 3345 1841 3389 ea
1883 3343 1956 3390 re
2002 3326 2372 3407 disputavit.

324 3436 500 3500 Haec
545 3439 756 3499 autem
805 3434 1134 3498 consensio
1181 3440 1428 3498 tautum
1478 3435 1659 3499 abest
1712 3442 1785 3500 ut
1845 3436 2084 3517 aliquid
2138 3437 2376 3501 habeat

324 3543 645 3620 momenti,
692 3548 766 3606 ut
808 3543 902 3605 eis
948 3561 1214 3623 prorsus
1260 3544 1561 3608 assentiri
1607 3561 1730 3610 non
1775 3546 2158 3623 dubitemne,
2208 3561 2372 3627 quae

323 3654 499 3718 Rich.
559 3652 996 3717 Volkmanuus
1059 3653 1315 3730 (Leben,
1385 3652 1705 3718 Schriften
1775 3656 1905 3720 und
1963 3656 2373 3735 philosophie

325 3764 435 3828 des
481 3763 653 3826 Plut.
702 3781 823 3826 von
884 3761 1259 3827 Chaeronea
1306 3764 1383 3841 II,
1429 3782 1490 3844 p.
1543 3764 1650 3844 19)
1714 3765 1891 3843 dixit,
1953 3766 2368 3831 Plutarchum

323 3872 763 3954 philosophiae
822 3872 1185 3937 Aristotelis
1245 3891 1368 3937 non
1430 3874 1588 3938 adeo
1644 3891 1905 3955 operam
1965 3876 2234 3954 dedisse,
2295 3882 2369 3940 ut

321 3984 595 4063 vestigia
639 3984 777 4063 ejus
824 3983 1021 4047 studii
1067 3983 1132 4046 in
1176 3984 1381 4065 ipsius
1427 3984 1684 4065 scriptis
1729 4004 1769 4049 a
1813 3986 1971 4051 viris
2013 3987 2215 4053 doctis
2260 3988 2371 4055 ad-

318 4093 442 4159 huc
485 4094 887 4179 comprobari
932 4100 1214 4180 possent.
