2909 4892
1044 450 1466 522 „1⁶1⁴

223 617 422 705 igitur
481 625 890 705 conjecturae
953 643 1094 691 cum
1156 644 1281 691 non
1340 626 1679 690 videantur
1735 644 1855 707 pro
1915 626 2084 690 veris
2146 642 2290 689 esse

225 735 574 808 habendae,
613 737 750 816 Jam
783 737 862 801 de
895 736 1363 817 Wyttenbachii
1396 737 1718 801 sententia
1761 736 1889 801 erit
1920 735 2280 814 videndum,

225 848 327 927 qui
376 839 626 911 mut'ato
671 847 867 911 verbo
912 844 1123 910 αἴτιον
1167 849 1228 911 in
1276 843 1560 911 ἐναντίον
1600 848 1860 929 planum
1892 864 2035 911 esse
2079 846 2287 922 locum

225 964 459 1033 censet,
488 958 566 1021 de
599 976 726 1039 qua
758 977 827 1022 re
860 959 1480 1024 animadversionum
1519 959 1565 1023 Ι.
1597 978 1657 1039 p.
1686 962 1810 1022 613
1844 957 2070 1022 haecce
2100 957 2288 1021 dicit:

227 1067 521 1151 „ConJ’eci
543 1057 934 1147 τούναντίον,
958 1070 1124 1150 quod
1147 1076 1213 1133 et
1236 1088 1377 1134 culn
1406 1070 1691 1149 vestigiis
1723 1069 2022 1149 vulgatae
2055 1075 2120 1132 et
2150 1085 2291 1131 cum

227 1180 545 1243 sententia
576 1186 641 1244 et
671 1198 812 1243 cum
835 1181 1129 1261 loquendi
1164 1181 1619 1245 consuetudine
1650 1180 1969 1244 convenit:
2016 1173 2299 1242 ἐναντίον

226 1283 321 1363 εἰς
340 1286 574 1373 φιλίας
594 1288 817 1376 κτῆσιν
840 1292 1253 1368 contrarium,
1281 1292 1797 1373 impedimentum
1829 1291 2297 1372 comparandae

226 1401 605 1465 amicitiae.“
688 1402 804 1466 Cui
849 1403 1103 1483 quidem
1164 1405 1648 1467 concedendum*
1676 1410 1794 1480 est,
1858 1402 2288 1482 conjecturam

227 1511 400 1577 illam
450 1531 570 1577 non
619 1514 804 1576 nimis
851 1514 1147 1578 recedere
1194 1534 1233 1577 a
1276 1514 1665 1578 traditarum
1727 1514 2092 1579 litterarum
2139 1514 2290 1578 duc·

228 1623 418 1689 tibus,
469 1625 563 1687 De
596 1625 912 1688 sententia
943 1633 1155 1689 autem
1191 1643 1313 1688 non
1345 1643 1604 1704 possum
1641 1644 1761 1689 non
1796 1642 2071 1702 monere,
2099 1625 2292 1689 etiam

226 1753 464 1812 eorum,
540 1754 703 1815 quae
760 1737 1160 1813 antecedunt,
1236 1737 1715 1800 enuntiatorum
1774 1737 1833 1799 in
1890 1736 2296 1816 dijudicanda

230 1847 343 1909 hae
402 1848 779 1926 quaestione
846 1866 968 1910 non
1032 1847 1267 1911 nullam
1338 1839 1691 1911 liabendam
1749 1866 1890 1910 esse
1951 1849 2285 1911 rationem.

227 1956 387 2021 Nam
435 1975 576 2020 cum
623 1958 1008 2023 Plutarchus
1068 1965 1259 2022 antea
1304 1959 1570 2022 dixerit:
1619 1949 1745 2021 -ὅτι
1800 1954 2078 2044 μηδέπω
2137 1952 2295 2037 μίαν

226 2066 455 2154 φιλίαν
497 2064 871 2153 κεκτημένοι
914 2063 1205 2150 βεβαίως
1247 2057 1658 2154 φοβούμενοι
1699 2059 1792 2155 μή
1838 2057 2154 2150 λάθωμεν
2199 2064 2295 2142 εἷς

228 2175 632 2265 πολυφιλίαν
673 2168 1085 2259 ἐμπεσόντες,
1148 2199 1353 2244 nonne
1400 2183 1517 2243 hoc
1559 2199 1811 2262 quoque
1857 2181 1992 2246 loco
2040 2199 2296 2261 exspec-

230 2277 462 2366 tamu8‚
527 2291 772 2371 majore
836 2292 1108 2371 quadam
1159 2292 1217 2354 vi
1278 2293 1635 2372 oppositam
1696 2310 1839 2355 esse
1900 2313 1940 2358 a
1984 2293 2299 2372 scriptore

229 2388 503 2485 ἆφιλίαν
545 2399 622 2487 τῇ
666 2398 1080 2486 πολυφιλίᾳῗ)
1174 2445 1179 2450 ·

438 2513 561 2577 Sed
617 2531 758 2576 cum
820 2513 987 2578 haud
1045 2514 1331 2593 ignorem
1398 2513 1477 2576 de
1523 2513 1640 2576 hac
1705 2531 1776 2577 re
1840 2513 1899 2576 in
1960 2520 2298 2594 utramque

231 2629 480 2705 partem
538 2624 856 2704 disputari
911 2642 1117 2705 posse,
1180 2643 1302 2688 non
1366 2624 1640 2705 amplius
1688 2626 1751 2688 in
1798 2642 1882 2689 ea.
1918 2641 2294 2701 commoror,

234 2738 344 2799 sed
391 2738 472 2801 ad
519 2739 802 2814 tertium,
864 2754 988 2818 quo
1053 2718 1579 2817 wyttenbachius
1642 2735 1932 2800 stabilire
1978 2754 2047 2799 se
2112 2753 2299 2815 posse

233 2849 490 2928 putavit
550 2849 978 2927 conjecturam
1040 2848 1288 2912 dicens:
1350 2855 1451 2929 „et
1498 2865 1636 2910 cum
1686 2846 1980 2926 loquendi
2040 2862 2301 2909 consue-

231 2960 453 3022 tudine
499 2959 854 3035 convenit“,
903 2959 1194 3039 procedo.
1289 2958 1525 3022 Attulit
1569 2959 1732 3021 enim
1771 2957 1867 3020 vir
1898 2957 2304 3022 doctissimus

234 3071 586 3150 compluria
629 3071 917 3150 exempla
962 3089 1036 3132 ex
1077 3069 1407 3132 Plutarchi
1453 3069 1709 3150 scriptis
1752 3074 2027 3147 sumpta,
2074 3068 2305 3149 quibus

233 3182 296 3245 in
362 3170 503 3245 usu'
538 3179 739 3244 fuisse
807 3181 981 3244 illam
1049 3181 1297 3244 dicendi
1365 3181 1683 3244 rationem
1754 3179 2174 3260 comprobare
2235 3196 2303 3242 se

234 3311 424 3373 posse
468 3293 738 3372 putavit.
829 3291 1140 3372 Exempla
1184 3279 1399 3356 autem
1447 3292 1530 3356 ab
1574 3310 1649 3355 eo
1696 3291 1961 3355 laudata
2022 3291 2190 3356 inter
2235 3308 2305 3355 se

237 3411 410 3467 certe
457 3409 607 3467 sunt
651 3401 995 3478 simillima,
1063 3403 1172 3466 sed
1221 3422 1371 3466 num
1428 3402 1582 3483 quid
1631 3403 1709 3466 ad
1756 3408 2047 3467 nostrum
2083 3402 2301 3487 ‘locum

236 3515 494 3579 valeant
539 3515 788 3592 nesci03
836 3514 991 3579 haec
1034 3514 1199 3577 enim
1234 3520 1414 3578 sunt:
1463 3514 1633 3578 Plut.
1670 3513 1895 3578 Moral.
1928 3533 2075 3594 pag.
2111 3520 2193 3578 94
2220 3515 2306 3579 B:

235 3617 409 3711 πρός
450 3616 567 3713 τήν
611 3621 1013 3710 πολυφιλίαν
1076 3615 1595 3701 ὑπεναντιοῦται,
1663 3643 1809 3705 pag.
1859 3630 1940 3688 96
2001 3625 2087 3688 D:
2132 3620 2308 3689 ἐναν-

231 3735 448 3817 τίωμα
493 3727 665 3822 πρὸς
704 3726 822 3822 τήν
864 3732 1282 3820 πολυφιλίαν.
1364 3736 1491 3800 vit..
1527 3735 1745 3799 Crassi
1792 3755 1928 3816 cap.
1955 3736 2106 3802 XVI
2129 3737 2307 3818 (edit.

240 3850 570 3929 SinteniS.)
637 3838 811 3932 πρὸς
866 3839 982 3933 τήν
1049 3840 1276 3925 ἔξοδον
1363 3834 1909 3910 ἐναντιώσασθαι.
2023 3849 2312 3928 Apparet

237 3967 450 4025 autem
497 3960 595 4024 his
642 3959 795 4022 locis
846 3977 967 4022 non
1015 3958 1437 4038 comprobari,
1509 3959 1702 4020 etiam
1772 3959 2306 4039 praepositionem

239 4068 336 4147 εἷς
380 4072 571 4136 simili
618 4070 805 4134 modo
849 4088 987 4132 cum
1024 4070 1217 4132 verbo
1251 4064 1537 4143 ἐναντίος
1569 4069 1904 4149 conjungis
1953 4069 2304 4149 Utriusque

1794 4160 1829 4218 2
