2909 4892
1417 548 1834 612 -14—

806 693 981 779 Tum·
1015 734 1165 779 vero
1208 716 1363 779 haec
1433 717 1662 782 verba:
1741 712 1824 780 Τί
1868 703 1981 779 οὖν
2036 703 2328 795 νόμισμα
2387 704 2647 798 φιλίας;

599 814 822 888 εὔνοια
863 821 971 888 καὶ
1013 812 1206 910 χάρις
1245 825 1386 906 μετ’
1417 814 1673 913 ἀρετῆς,
1721 845 1927 892 nonne
1961 825 2226 890 eandem
2268 822 2644 888 sententiam

599 934 840 998 habent
885 939 1077 1016 atque
1121 936 1250 1000 ista
1295 935 1621 1001 Ciceronis
1683 936 1763 1019 (ᾖ.
1818 938 1951 1017 18);
2017 935 2142 1001 Sed
2196 934 2315 999 hoc
2371 932 2644 1015 primum

599 1045 826 1123 sentio,
860 1044 981 1109 nisi
1012 1045 1077 1109 in
1111 1046 1293 1110 bonis
1326 1046 1675 1112 amicitiam
1706 1064 1849 1112 esse
1882 1064 2004 1111 non
2035 1063 2254 1127 posse3
2288 1050 2356 1108 et
2384 1043 2468 1125 (ξ.
2503 1046 2647 1121 20):

536 1174 539 1177 ·
598 1156 720 1219 Est
786 1162 1001 1220 autem
1072 1156 1351 1220 amicitia
1416 1157 1572 1221 nihil
1638 1157 1829 1235 aliud,
1901 1156 2023 1220 nisi
2053 1168 2057 1172 ·
2089 1154 2371 1219 omnium
2429 1170 2646 1219 rerum

598 1284 739 1329 cum
806 1265 1246 1330 benevolentia
1319 1273 1386 1330 et
1457 1267 1731 1331 caritate
1804 1284 2053 1335 summa
2120 1264 2496 1333 consensio?
2566 1299 2639 1309 —-

600 1376 1002 1440 Adhortatur
1046 1395 1297 1458 quoque
1341 1382 1610 1459 uterque
1642 1378 1936 1457 scriptor,
1972 1378 2342 1458 priusquam
2375 1374 2646 1441 amicum

597 1486 997 1566 recipiamuS‚
1063 1493 1136 1550 ut
1203 1488 1636 1551 examinemus
1704 1494 1770 1551 et
1822 1488 2199 1568 judicemus.
2290 1483 2645 1568 (Plutarch.

596 1615 739 1676 pag.
789 1602 889 1660 94.
939 1600 1013 1661 A.
1063 1598 1135 1660 Β.
1182 1617 1326 1678 pag.
1377 1603 1479 1662 49.
1528 1597 1601 1660 E.
1652 1597 1938 1662 Ciceron.
1974 1597 2068 1678 ἐξ.
2105 1602 2206 1661 67.
2241 1603 2358 1673 85;
2409 1594 2644 1659 additis

596 1705 695 1769 his
751 1705 905 1769 locis
951 1706 1119 1772 Plut.
1164 1725 1310 1788 pag.
1361 1713 1444 1770 94
1488 1708 1562 1772 Ε.
1612 1708 1894 1775 Ciceron.
1943 1707 1996 1788 ξ.
2048 1707 2175 1791 78).

799 1818 1009 1896 Atque
1069 1836 1147 1881 ne
1199 1818 1260 1881 id
1335 1818 1589 1899 quidem
1665 1818 2307 1898 praetermittendum
2366 1823 2495 1893 est,
2562 1819 2647 1881 ab

595 1940 870 2008 utroque
915 1929 1227 2008 scriptore
1293 1930 1512 2017 eodem
1575 1930 1760 1993 modo
1813 1929 2114 2009 praecipi,
2183 1947 2261 1993 ne
2305 1929 2399 1992 eis
2453 1927 2639 1992 fidem

591 2038 957 2114 habeamuS,
1030 2039 1135 2119 qui
1193 2040 1638 2103 contenderint
1691 2039 1842 2119 (Cic.
1906 2040 1959 2120 ξ.
2018 2045 2120 2115 45,
2190 2039 2328 2102 coll.
2394 2039 2448 2120 ξ.
2498 2039 2643 2118 59);

592 2148 1168 2213 commodissimum
1215 2168 1375 2225 esse,
1423 2168 1613 2229 quam
1657 2150 2016 2213 laxissimas
2077 2150 2358 2213 habenas
2404 2149 2642 2213 habere

593 2260 926 2336 amicitiae,
974 2278 1132 2340 quas
1178 2259 1278 2323 vel
1323 2260 1622 2336 adducas,
1670 2278 1810 2325 cum
1845 2260 2021 2338 veliS,
2068 2260 2169 2324 vel
2198 2260 2491 2324 remittas
2531 2257 2644 2341 (cf.

587 2370 758 2433 Plut.
804 2388 948 2451 pag.
998 2374 1098 2434 95.
1145 2368 1219 2433 Ε.
1267 2370 1387 2451 R).
1543 2366 1547 2370 ’
1884 2362 1890 2368 ’

792 2480 1080 2560 Denique
1145 2498 1296 2543 vero
1351 2480 1470 2544 sub
1527 2479 1715 2545 finem
1774 2481 1970 2546 libelli
2029 2481 2412 2546 Plutarchus
2466 2481 2645 2559 dicit,

590 2590 932 2655 amicitiam
998 2590 1227 2654 stabile
1295 2598 1362 2652 et
1424 2591 1822 2655 immutabile
1901 2592 2218 2671 ingenium
2287 2592 2641 2671 requirere,

588 2702 751 2780 quod
799 2700 1063 2787 eandem
1110 2702 1391 2764 retineat
1435 2703 1988 2779 consuetudinem3
2038 2709 2103 2766 et
2133 2703 2196 2765 in
2231 2702 2356 2765 alio
2388 2721 2642 2783 quoque

588 2810 752 2873 libro
786 2812 871 2889 (p.
908 2814 985 2872 62
1022 2809 1118 2885 O.)
1165 2811 1445 2874 dixerat:
1496 2803 1531 2872 ὁ
1562 2803 1686 2896 γάρ
1730 2809 1847 2875 τοῦ
1891 2808 2093 2896 φίλου
2132 2802 2385 2896 τρόπος
2407 2803 2647 2897 ’ὥσπερ

556 2911 626 2989 ,ὁ
670 2917 787 3004 τῆς
829 2908 1152 3005 ἀληθείας
1190 2919 1413 2999 μῦθος
1455 2914 1709 2997 ἁπλοῦς
1767 2920 1907 2985 ἐστι
1949 2923 2083 2987 κατ’
2130 2912 2488 3007 Εὖριπίδην
2530 2920 2642 2985 καὶ

585 3017 840 3115 ἆφελής
881 3027 989 3092 καὶ
1040 3020 1394 3110 ἄπλαστος,
1457 3034 1688 3113 quibus
1743 3052 2048 3114 compono
2112 3053 2185 3098 ex
2233 3034 2518 3097 Ciceron.
2578 3034 2640 3114 ξ.

591 3144 670 3203 65
716 3140 901 3204 haec:
949 3140 1293 3222 simplicem
1341 3148 1678 3223 praeterea
1724 3152 1789 3208 et
1818 3163 2211 3210 communem
2258 3152 2323 3208 et
2374 3163 2640 3208 consen-

588 3247 874 3327 tientem,
935 3250 1042 3330 qui
1088 3253 1280 3315 rebus
1327 3253 1564 3317 eisdem
1610 3262 1961 3333 moveatur,
2031 3256 2180 3335 eligi
2224 3274 2342 3336 par
2387 3263 2505 3320 est.
2550 3291 2644 3303 —

792 3360 995 3437 Quam
1070 3363 1530 3427 sententiarum
1604 3365 1961 3445 analogiam
2031 3372 2097 3429 et
2156 3366 2642 3430 similitudinem

589 3487 711 3533 non
756 3473 1006 3534 tantam
1047 3471 1280 3550 judicO,
1331 3480 1402 3536 ut
1446 3459 1629 3538 exea
1677 3476 2063 3551 concludam,
2110 3475 2521 3540 Plutarchum
2572 3479 2639 3542 in

584 3579 1052 3644 conscribendis
1098 3581 1223 3645 illis
1268 3584 1449 3648 libris
1512 3585 1684 3649 fonte
1728 3587 2070 3666 praecipuo
2115 3605 2296 3650 usum
2345 3606 2485 3651 esse
2533 3588 2641 3652 Ci-

587 3706 831 3754 cerone.
924 3691 1042 3755 Cui
1095 3693 1190 3756 rei
1248 3702 1509 3774 praeter
1566 3696 1692 3759 alia
1746 3684 1949 3761 multa
2009 3697 2203 3761 etiam
2258 3699 2321 3762 id
2377 3699 2645 3764 obstare

585 3799 860 3876 videtur,
920 3803 1085 3881 quod
1141 3804 1428 3884 exempla
1492 3805 1715 3870 Cicero
1779 3806 1915 3870 fere
1972 3809 2185 3874 omnia
2226 3827 2303 3872 ex
2348 3808 2643 3874 Romana

588 3906 877 3988 historia,
924 3929 1001 3975 ex
1047 3912 1294 3978 Graeca
1338 3915 1723 3981 Plutarchus
1780 3919 2068 3999 sumpsit.
2103 3955 2193 4005 f·
2249 3920 2441 3999 Atqui
2497 3919 2641 3984 luce

587 4019 821 4085 clarius
884 4041 1198 4103 apparere
1262 4026 1534 4103 videtur,
1613 4028 2024 4117 Plutarchum
2092 4030 2414 4099 Ciceronis
2476 4037 2641 4101 Lae-

584 4128 742 4194 lium
790 4131 960 4197 haud
1004 4135 1370 4216 ignorasse3
1436 4136 1778 4218 diligenter
1835 4140 2069 4221 legisse
2119 4161 2263 4207 eum
2318 4150 2386 4209 et
2439 4165 2517 4212 ex
2560 4166 2639 4211 eo
