2909 4892
1064 487 1492 560 -21'-..

447 670 626 747 Quae
670 669 725 732 si
771 685 923 732 vera
956 672 1057 731 est
1085 666 1407 732 sententia
1450 666 1807 747 scriptoriS,
1853 672 2126 749 apparet
2154 686 2306 750 par-

242 780 526 863 ticipium
572 798 696 844 non
741 796 883 843 esse
929 777 1418 842 sollicitandum.
1483 813 1561 824 --
1624 778 1854 844 Restat
1897 779 2186 862 denique,
2232 784 2309 843 ut

248 889 719 973 Wyttenbachii
785 889 1168 954 sententiam
1235 888 1490 980 paucis!
1527 889 1740 954 verbis
1796 887 2094 954 referam.
2186 890 2310 968 Qui

254 1002 348 1067 vir
395 1000 804 1067 doctissimus
850 999 1055 1064 locum
1101 999 1430 1064 emendari
1476 999 1631 1077 vult,
1679 1006 1754 1065 ut
1795 1000 2117 1065 scribatur
2162 1007 2309 1066 aut:

248 1104 476 1199 ὥσπερ
519 1098 876 1175 ἆκόλαστοι
919 1112 1206 1194 γυναῖκες
1243 1146 1318 1157 -
1357 1106 1692 1197 δυναμένη,
1740 1117 1885 1176 aut:
1933 1102 2161 1197 ὥσπερ
2207 1107 2310 1176 ἐπ’

241 1210 618 1286 ἀκολάστων
679 1218 991 1305 γυναικῶν
1055 1222 1297 1302 (prouti
1376 1239 1447 1286 se
1508 1240 1613 1286 res
1672 1221 1866 1287 habet
1938 1222 1999 1286 in
2057 1221 2313 1287 lascivis

247 1332 647 1417 mulieribus)
731 1367 808 1379 —
893 1328 1260 1417 δυναμένης.
1389 1331 1513 1398 Sed
1589 1332 2211 1399 animadversionum
2264 1332 2313 1397 Ι.

248 1463 393 1525 pag.
442 1445 566 1508 513
611 1443 873 1509 tertiam
920 1443 1233 1507 rationem
1283 1441 1491 1522 affert,
1538 1462 1666 1525 qua
1696 1443 1901 1507 solum
1933 1439 2315 1524 δυναμένοις

244 1554 569 1619 immutari
614 1554 756 1617 vult
799 1553 862 1618 in
911 1548 1244 1638 δυναμένη,
1293 1553 1464 1633 quod
1510 1553 1592 1618 ad
1639 1542 1859 1637 ὄρεξις
1903 1554 2308 1620 referendum

241 1683 379 1730 esse
412 1669 646 1730 censet.
738 1663 879 1743 Qua
923 1664 1292 1744 conjectura
1335 1670 1596 1745 recepta
1639 1664 1844 1728 totius
1876 1664 2122 1746 periodi
2153 1664 2312 1730 haec

240 1776 374 1841 fere
432 1777 563 1841 erit
619 1775 1105 1857 interpretatio:
1157 1775 1365 1858 „inter
1422 1773 1660 1840 multas
1715 1774 1874 1840 alias
1935 1794 2130 1841 causa
2187 1795 2311 1841 non

239 1888 515 1966 minima,
586 1905 701 1952 cur
745 1886 984 1951 nulla'm
1049 1903 1266 1950 veram
1327 1885 1674 1951 amicitiam
1749 1887 1929 1951 nobis
1988 1905 2309 1969 paremuS,

239 2005 337 2064 est
397 1981 617 2084 ὄρεξις
678 1992 1083 2083 πολυφιλίας
1141 1997 1308 2061 sicut
1365 1985 1584 2081 ὄρεξις
1644 1997 2128 2063 libidinosarum
2174 2017 2311 2063 mu-

238 2108 486 2187 lierum,
545 2127 708 2191 quae
771 2126 911 2172 cum
959 2126 1150 2190 saepe
1195 2112 1261 2172 et
1307 2108 1542 2172 multos
1598 2107 2119 2189 complectantur,
2186 2128 2311 2174 non

238 2227 508 2300 possunt
539 2219 818 2284 retinere
848 2219 1112 2300 primoS,
1159 2219 1267 2301 qui
1303 2220 1730 2299 negleguntur
1783 2225 1849 2284 et
1879 2219 2307 2286 dilabuntur.“

239 2333 394 2410 Quis
442 2349 564 2395 non
610 2329 805 2406 videt,
851 2349 1042 2412 quam
1060 2329 1306 2411 ‘frigide
1351 2329 1513 2394 fluat
1544 2329 1700 2394 baec
1730 2332 1957 2396 oratio,
2017 2332 2302 2396 Primum

242 2441 620 2507 monendum
691 2445 810 2517 est,
884 2460 1020 2505 non
1087 2439 1237 2505 boni
1318 2440 1653 2521 scriptoris
1719 2459 1882 2517 esse,
1953 2442 2120 2523 quod
2187 2461 2308 2506 vox

240 2543 458 2638 ὄρεξις
502 2553 689 2615 modo
733 2569 875 2615 cum
921 2552 1234 2631 genetivo,
1283 2550 1389 2632 qui
1424 2550 1678 2629 dicitur,
1729 2551 2063 2633 obJectivo,
2115 2552 2300 2618 modo

242 2683 381 2729 cum
428 2662 783 2743 subjective
852 2662 1189 2743 conjuncta
1234 2663 1337 2726 sit.
1432 2663 1596 2726 Tum
1660 2662 1998 2728 dictionem
2062 2653 2308 2749 (ὄρεξις

238 2772 374 2837 τῶν
416 2761 697 2859 πρώτων
738 2774 994 2858 κρατεῖν
1034 2762 1129 2858 μή
1175 2768 1516 2858 δυναμένη)
1580 2773 1818 2854 aliquid
1863 2774 2119 2852 habere,
2183 2794 2309 2857 quo

253 2884 608 2965 displiceat,
644 2902 827 2948 nemo
863 2901 985 2947 non
1020 2885 1355 2961 concedet;
1389 2902 1592 2965 neque
1624 2885 1876 2949 omnino
1906 2885 2310 2965 perspicitur,

239 2995 392 3075 quid
436 2993 559 3059 sibi
591 2994 746 3058 velit
789 3012 866 3058 ea
897 2995 1257 3075 conjunctio
1288 2994 1663 3073 verborum3
1712 3013 1860 3058 nam
1897 2995 2019 3058 dici
2050 3001 2310 3077 poterat

237 3107 539 3189 γυναῖκας
597 3106 852 3189 κρατεῖν
905 3094 999 3191 μή
1046 3093 1399 3180 δύνασθαι,
1461 3105 1573 3169 sed
1632 3104 1889 3169 minime
1946 3095 2176 3189 ὄρεξιν.
2230 3141 2306 3152 —·

237 3215 477 3294 Quibus
522 3233 600 3280 ex
643 3216 854 3280 causis
900 3215 1309 3296 rejiciendam
1356 3234 1499 3279 esse
1540 3215 2013 3297 Wyttenbachii
2058 3216 2301 3296 conjec-

239 3333 448 3391 turam
499 3327 654 3391 dico.
749 3326 873 3391 Sed
919 3326 1082 3390 aliae
1114 3344 1364 3407 quoque
1409 3324 1820 3391 difficultates
1865 3327 2036 3391 haud
2070 3327 2307 3392 absunt

243 3437 322 3502 ab
383 3438 500 3501 hac
555 3437 926 3517 conjiciendi
987 3436 1255 3501 ratione.
1364 3436 1454 3500 Ut
1506 3437 1639 3517 jam
1702 3455 1898 3501 unum
1953 3437 2181 3502 addam
2237 3473 2303 3483 —

241 3566 428 3628 quam
495 3546 789 3611 solitaria
850 3548 912 3610 in
958 3547 1076 3611 tali
1119 3551 1451 3611 structura
1505 3553 1656 3611 sunt
1699 3548 1910 3628 posita
1973 3547 2312 3628 participia

246 3648 701 3738 ἀμελουμένων
747 3662 813 3721 et
855 3646 1322 3743 ἇπορρεόντων
1365 3676 1442 3721 ex
1475 3663 1612 3723 toto
1646 3660 1999 3722 sententiae
2030 3677 2314 3723 connexu

250 3770 555 3849 excepta?
648 3768 838 3832 Certe
882 3767 1219 3831 referenda
1249 3785 1327 3831 ea
1358 3786 1499 3832 esse
1527 3775 1745 3833 censet
1776 3768 2311 3849 Wyttenbachius

157 3911 203 4000 s
246 3879 326 3944 ad
373 3878 736 3984 genetivum
796 3867 1092 3964 πρώτων.
1183 3878 1366 3956 Quod
1432 3884 1505 3943 ut
1568 3880 1705 3944 sine
1766 3878 2112 3944 offensione
2170 3878 2310 3944 fieri

240 3990 468 4071 possit,
535 4008 793 4054 necesse
839 3996 940 4054 est
983 3989 1092 4054 illa
1146 3989 1488 4071 participia
1542 3989 1755 4071 aliquo
1814 3991 2000 4055 modo
2058 3989 2299 4055 arctius

241 4119 384 4165 cum
429 4100 951 4166 antecedentibus
997 4099 1313 4181 conJ'ungi.
