2909 4892
1436 503 1807 562 ..8.-

591 678 804 737 autem
852 671 1033 736 decet
1078 670 1472 734 admonitum
1533 672 1781 732 contra.
1813 670 2172 743 admonere,
2239 684 2380 730 cum
2425 660 2660 746 repre?

591 782 955 847 hensionem
1002 780 1171 844 ferre
1217 797 1341 843 non
1387 797 1575 858 posse
1623 778 1931 842 videatur.
2014 777 2166 840 Veri
2198 782 2412 840 autem
2460 775 2643 839 amici

588 898 706 969 est,
755 910 880 959 non
910 892 1032 955 nisi
1077 892 1140 954 in
1173 889 1421 969 magnis
1467 890 1659 954 rebus
1706 887 2058 968 castigandi
2093 885 2448 950 molestiam
2495 885 2642 948 sub-

590 1003 702 1067 ire.
773 1002 841 1067 Si
885 1020 1035 1065 vero
1081 1000 1191 1064 isti
1236 1000 1394 1064 vitia
1437 999 1559 1063 sibi
1599 998 1951 1062 adhaerere
1997 996 2378 1075 intellegunt
2407 1001 2475 1059 et
2504 1012 2642 1059 cor·

589 1113 802 1194 rigere
857 1113 1135 1189 student,
1195 1111 1472 1192 primum
1532 1110 1774 1184 laudeS,
1842 1115 1978 1172 tum
2039 1108 2339 1171 libertate
2399 1104 2645 1169 dicendi

590 1223 797 1288 utaris
828 1240 1084 1287 necesse
1115 1228 1232 1299 est,
1279 1222 1390 1285 sed
1421 1221 1669 1300 placide
1699 1220 1971 1284 adeundi
2005 1225 2156 1282 sunt
2185 1223 2252 1281 et
2283 1235 2424 1280 cum
2454 1216 2643 1280 bene-

592 1333 899 1411 volentia,
966 1352 1105 1397 cum
1167 1332 1514 1398 timendum
1576 1331 1690 1404 sit,
1759 1349 1838 1394 ne
1899 1328 2145 1394 acerbis
2211 1327 2425 1391 verbis
2489 1324 2645 1390 laesi

591 1444 846 1520 abeant,
895 1444 985 1509 ita
1032 1450 1102 1508 ut
1147 1443 1386 1525 placari
1432 1443 1538 1507 vix
1582 1443 1848 1525 possint.
1902 1478 1979 1490 —-

795 1555 975 1620 Alter
1004 1554 1277 1631 libellus,
1324 1555 1424 1619 cui
1456 1555 1830 1619 inscribitur
1862 1551 2016 1639 περὶ
2050 1548 2475 1636 πολυφιλίας,
2520 1569 2643 1616 non

586 1666 802 1746 magni
846 1665 1100 1747 quidem
1147 1665 1421 1730 ambitus
1452 1671 1555 1729 est
1597 1666 1983 1747 (continetur
2014 1663 2179 1728 enim
2214 1680 2436 1727 novem
2469 1659 2644 1741 capi·

587 1777 804 1858 tibus),
859 1782 1071 1841 tamen
1133 1777 1465 1841 sententiis
1536 1775 2065 1856 praeclarissimis
2132 1773 2386 1836 minime
2447 1776 2640 1835 caret.

591 1925 666 1934 -
732 1888 1057 1953 Summum
1118 1895 1330 1953 autem
1401 1888 1636 1952 bonum
1698 1886 2041 1950 amicitiam
2103 1903 2242 1949 esse
2298 1888 2523 1947 auctor
2581 1881 2644 1943 in

587 2001 912 2081 prooemio
975 2002 1360 2081 praemittit,
1447 2019 1586 2064 cum
1654 2000 2111 2075 Menandreum
2177 1998 2331 2062 illud
2398 1995 2645 2061 laudet:

588 2099 975 2191 θαυμαστόν
1022 2102 1178 2174 ὅσον
1220 2107 1510 2189 νομίζειν
1553 2106 1820 2174 ἕκαστον
1863 2098 2139 2191 ἀγαθόν,
2184 2100 2263 2174 ἂν
2306 2103 2416 2196 ἔχῃ
2447 2106 2651 2197 φίλου

588 2210 791 2285 σκιάν.
888 2223 1096 2302 Atque
1154 2221 1607 2303 quaerentibus
1671 2223 1832 2285 unde
1876 2220 2009 2297 fiat,
2070 2228 2144 2286 ut
2187 2227 2318 2286 tam
2367 2238 2519 2285 rara
2561 2207 2650 2284 sit

588 2351 740 2397 vera
771 2331 1069 2407 amicitia,
1117 2351 1258 2397 eam
1289 2350 1547 2397 causam
1580 2351 1721 2397 esse
1768 2334 2208 2413 respondetur,
2255 2331 2422 2413 quod
2460 2331 2648 2395 nimis

588 2442 825 2507 multos
869 2443 1107 2506 amicos
1171 2447 1481 2523 appetant
1539 2442 1844 2507 homines
1937 2442 2101 2506 Nam
2163 2461 2279 2526 per
2336 2460 2645 2507 novarum

584 2572 801 2618 rerum
847 2553 1148 2629 studium,
1194 2553 1360 2634 quod
1394 2558 1669 2618 naturae
1701 2557 1962 2618 nostrae
1993 2554 2176 2631 inest,
2220 2573 2259 2618 a
2290 2538 2646 2641 recentiore

586 2664 788 2729 amico
843 2670 1169 2740 tenemur3
1237 2663 1612 2728 dilabuntur
1665 2665 1933 2745 prioreS,
2000 2684 2139 2729 cum
2204 2665 2645 2745 neglegantur.

587 2777 795 2856 Atque
841 2793 1093 2856 semper
1138 2773 1321 2838 binos
1369 2775 1604 2839 amicos
1653 2775 1998 2840 memoriae
2045 2776 2320 2840 traditos
2366 2793 2509 2839 esse
2552 2775 2644 2838 vi-

585 2886 838 2962 demus3
887 2891 951 2948 et
994 2885 1160 2965 quod
1208 2885 1373 2949 alter
1417 2885 1554 2965 ipse
1600 2891 1867 2967 putatur
1898 2885 2137 2949 amicus
2183 2891 2249 2948 et
2278 2885 2645 2949 nominatur

584 2992 860 3079 ἑταῖρος,
908 2995 1090 3075 quasi
1135 2990 1375 3079 ἕτερος,
1434 2994 1589 3059 nihil
1650 2995 1820 3060 aliud
1879 3002 1996 3072 est,
2066 3013 2254 3075 quam
2312 3012 2644 3058 numerum

582 3105 898 3169 binarium
962 3105 1181 3169 haberi
1235 3123 1600 3169 mensuram
1663 3105 1997 3170 amicitiae.
2090 3105 2271 3183 Quod
2329 3105 2523 3169 etiam
2569 3122 2647 3167 ex

583 3234 657 3280 eo
701 3215 989 3294 intellegi
1034 3219 1267 3295 potest,
1328 3214 1495 3294 quod
1543 3216 1825 3281 amicitia
1883 3222 2155 3297 paratur
2201 3214 2644 3280 benevolentia

583 3330 649 3389 et
704 3325 917 3405 gratia
983 3343 1122 3388 cum
1190 3324 1429 3388 virtute
1497 3326 1853 3406 conjuncta,
1925 3326 2155 3407 quibus
2229 3325 2421 3391 rebus
2483 3323 2647 3407 ‚nihil

581 3435 794 3499 rarius
839 3435 1032 3499 habet
1074 3439 1326 3498 natura.
1420 3436 1721 3500 Attamen
1770 3454 1891 3501 non
1939 3454 2133 3500 unum
2180 3453 2325 3500 esse
2370 3435 2641 3500 amicum

584 3549 857 3624 oportet,
925 3544 1034 3607 sed
1097 3544 1264 3607 inter
1324 3544 1485 3608 alios
1543 3564 1734 3609 unum
1792 3545 2068 3631 aliquem
2129 3545 2315 3627 quasi
2370 3545 2646 3620 unicum,

583 3654 691 3735 qui
748 3653 902 3717 salis
968 3651 1146 3717 illum
1204 3653 1481 3719 modium
1551 3655 1877 3719 nobiscum
1939 3655 2087 3719 edit.
2193 3655 2364 3719 Vera
2428 3658 2644 3718 autem

580 3762 863 3828 amicitia
906 3768 1041 3827 tres
1086 3763 1358 3827 maxime
1401 3764 1678 3845 requirit
1722 3782 1859 3830 res:
1922 3765 2244 3841 virtutem,
2302 3764 2636 3828 cousuetu-

583 3872 812 3951 dinem,
861 3889 1065 3947 usum,
1111 3872 1403 3954 inprimis
1448 3880 1683 3949 autem,
1750 3874 2120 3956 priusquam
2168 3873 2440 3954 recipias
2485 3873 2641 3937 ami-

584 4000 747 4058 cum,
807 3981 1116 4063 judicium
1161 3987 1263 4045 est
1323 3981 1770 4049 adhibendum.
1887 3985 2049 4049 Nam
2112 3991 2337 4049 contra
2396 4002 2646 4047 summa

581 4091 868 4180 pericula
927 4092 1230 4163 auxilium
1292 4092 1629 4182 profitetur
1690 4094 1930 4163 amicus
1975 4113 2167 4165 verae
2211 4095 2646 4185 probataeque
