2909 4892
1094 548 1525 612 ...gg-..-

270 702 649 802 ἀδιαφορία
712 715 867 780 nihil
936 717 1193 781 omnino
1258 714 1523 798 aequale
1589 730 1790 796 neque
1855 714 2058 779 simile
2125 714 2332 779 inesse

274 827 551 906 videtur,
618 833 691 891 ut
752 827 912 893 bene
973 842 1113 892 cum
1176 827 1409 892 ceteris
1474 826 1688 891 verbis
1747 812 2058 911 ἀριθμοί,
2121 813 2331 911 ὀρθο-

271 924 498 1021 γώνια,
540 932 821 1023 τρίγωνα
865 938 945 1002 ad
991 937 1156 1003 idem
1202 934 1642 1019 praedicatum
1684 932 1915 1002 referri
1946 946 2073 1001 non
2103 934 2328 1016 possit.

269 1046 625 1113 Praeterea
687 1047 930 1124 dubito,
1000 1064 1152 1113 num
1218 1044 1394 1114 recte
1460 1048 1711 1114 dicatur
1774 1034 2148 1133 ιῖδιαφορία
2213 1035 2332 1111 διοὶ

272 1145 604 1239 πόματος
647 1159 805 1242 (scil.
853 1154 1020 1240 ἐστί)
1064 1161 1285 1226 eodem
1331 1161 1540 1239 modo&
1584 1172 1709 1242 quo
1753 1146 2061 1244 ἆριθμοὶι
2138 1158 2329 1223 Deni÷

266 1286 393 1350 que
440 1270 703 1334 verbum
762 1257 1138 1357 α’διαφορία
1196 1289 1385 1352 quam
1447 1270 1722 1336 maxime
1780 1275 1880 1335 est
1939 1270 2326 1352 ambiguum,

266 1381 326 1444 si
392 1381 530 1446 sine
604 1381 734 1445 ullo
798 1381 1249 1447 addidamento
1323 1387 1697 1464 usurpatur.⁴
1813 1381 2102 1448 Alteram
2176 1399 2328 1446 vero

262 1492 601 1570 rationem,
662 1506 791 1573 qua
856 1490 1383 1573 wyttenbachius
1449 1478 1827 1578 ἀδιαφορία
1891 1492 2183 1573 adjungit
2246 1493 2327 1569 ei,

263 1603 437 1684 quod
502 1603 841 1682 antecedit,
908 1603 1103 1668 verbo
1168 1599 1403 1689 σχῆμα,
1467 1604 1559 1668 ita
1621 1609 1695 1667 ut
1759 1604 2142 1668 sententiam
2208 1602 2328 1667 loci

262 1714 430 1778 hanc
483 1731 624 1778 esse
685 1712 875 1778 velit:
940 1712 1238 1797 „habitus
1304 1719 1560 1779 constat
1618 1714 1976 1794 gestatione
2032 1712 2211 1794 pallii
2264 1720 2331 1778 et

261 1822 731 1890 indifferentiae
786 1824 1059 1907 specie“‚
1118 1830 1186 1889 et
1246 1825 1451 1906 ipsam
1508 1824 1680 1890 haud
1740 1823 2011 1890 feliciter
2076 1825 2327 1905 excogi-

261 1941 483 2001 tatam
544 1935 831 2000 dixerim.
939 1934 1103 2000 Nam
1177 1943 1352 2001 certe
1426 1937 1621 2001 etiam
1694 1935 1813 2001 hoc
1884 1936 1967 2000 ad
2040 1934 2329 2000 habitum

262 2046 786 2112 demostrandum
833 2052 935 2111 est
976 2045 1401 2125 referendum,
1462 2047 1628 2129 quod
1672 2047 1941 2112 barbam
1985 2058 2189 2127 usque
2248 2046 2328 2111 ad

267 2158 465 2239 pedes
510 2140 826 2236 demittit3
873 2157 985 2222 sed
1031 2158 1345 2237 quomodo
1388 2155 1528 2223 fieri
1575 2163 1809 2239 potest,-
1856 2164 1930 2221 ut
1975 2146 2084 2222 illa
2129 2157 2326 2223 verba

268 2264 379 2332 καὶ
420 2255 661 2352 πώγων
732 2255 1036 2354 ποδήρης
1099 2271 1409 2333 καθεῖται
1474 2285 1616 2334 cum
1685 2268 1897 2336 verbis
1963 2257 2046 2333 τό
2110 2267 2326 2356 σχῆμα

277 2378 797 2462 conjungantur?
843 2378 1087 2444 Positio
1133 2380 1475 2446 verborum
1521 2385 1653 2445 tam
1701 2386 2032 2447 contracta
2074 2387 2142 2448 et
2182 2399 2327 2464 per-

265 2506 457 2555 versa
513 2489 774 2555 minime
840 2490 1102 2572 probari
1169 2496 1401 2570 potest.
1490 2490 1803 2572 Equidem
1876 2509 2123 2572 censeo,
2189 2502 2327 2557 rem

273 2600 550 2667 fortasse
594 2601 690 2667 ita
733 2601 1018 2681 expediri
1051 2618 1260 2682 posse,
1307 2607 1381 2667 ut
1408 2595 1540 2679 καί,
1570 2602 1739 2683 quod
1772 2607 1922 2667 ante
1950 2590 2325 2691 ἀδιαφορία

262 2713 518 2794 legitur,
565 2711 863 2793 ejiciatur
907 2718 973 2776 et
1013 2700 1096 2775 τό
1142 2708 1361 2798 σχῆμα
1403 2711 1730 2778 referatur
1789 2713 1870 2777 ad
1924 2700 2319 2799 ἀδιαφορία,

266 2825 361 2889 ita
403 2823 659 2906 quidem
707 2829 780 2886 ut
823 2821 980 2887 haec
1024 2822 1222 2888 verba
1265 2811 1347 2886 τό
1392 2819 1612 2909 σχῆμα
1654 2810 2049 2910 ἀδιαφορία,
2094 2834 2323 2906 paren-

270 2935 524 3012 thetice,
588 2940 661 2998 ut
716 2933 807 2999 ita
850 2933 1076 3010 dicam,
1125 2933 1346 2999 addita
1399 2940 1467 2998 et
1520 2935 1633 3013 eie,-
1693 2948 1860 3016 quae
1918 2936 2322 3015 antecedunt,

269 3042 378 3110 καὶ
420 3035 661 3129 πώγων
703 3080 785 3092 -
844 3039 1340 3130 τρίβωνοφορία
1404 3045 1696 3127 apposita
1753 3062 1896 3111 esse
1948 3048 2324 3113 censuerim.

273 3157 506 3224 Totum
552 3156 752 3237 igitur
795 3155 1002 3220 locum
1049 3155 1167 3221 hoc
1211 3154 1348 3220 fere
1393 3156 1581 3221 modo
1621 3150 2104 3238 explicaverim:
2151 3159 2332 3224 Adu-·

271 3268 457 3347 lator,
502 3282 645 3332 cum·
689 3284 807 3348 pro
852 3258 1228 3349 philosopho
1270 3285 1339 3332 se
1369 3285 1597 3348 gerere
1628 3267 1799 3347 velit,
1832 3257 2326 3335 consuetudines

271 3378 791 3460 philosophorum
837 3377 1194 3443 immitatur
1239 3383 1681 3460 sectaturque;
1730 3385 1796 3443 et
1825 3380 2137 3461 imprimis
2182 3399 2326 3462 spe-

271 3490 427 3555 ciem
473 3495 540 3553 et
569 3484 854 3553 habitum
890 3488 1143 3552 illorum
1176 3488 1483 3553 imitando
1528 3487 1831 3569 effingere
1864 3492 2096 3555 studet.
2161 3492 2321 3557 Cum

272 3618 424 3666 vero
474 3600 746 3665 maxime
799 3599 933 3663 veri
979 3598 1334 3680 philosophi
1395 3616 1537 3663 esse
1599 3600 1913 3681 videatur,
1966 3608 2039 3665 ut
2084 3603 2324 3669 nullam

276 3712 530 3776 omnino
590 3710 986 3789 diligentiam
1067 3709 1131 3773 in
1191 3711 1478 3792 corporis
1559 3711 1802 3775 cultum
1882 3710 2187 3793 conferat,
2252 3718 2326 3778 ut

269 3833 537 3905 prorsus
601 3838 744 3884 eum
814 3820 1132 3900 neglegat,
1199 3820 1467 3885 barbam
1538 3822 1646 3887 ille
1714 3841 1916 3904 usque
1980 3823 2063 3888 ad
2129 3825 2322 3904 pedes

168 3935 174 3942 '
271 3933 553 4000 demittit
595 3939 663 3995 et
705 3930 1058 3997 obsoletum
1105 3931 1368 4012 pallium
1418 3940 1654 4012 gestat.-
1740 3933 1922 3998 Hanc
1981 3935 2106 3999 vim
2165 3940 2322 4015 puto

268 4046 477 4111 inesse
535 4044 598 4107 in
665 4042 877 4107 verbis
941 4031 1022 4104 τό
1087 4039 1306 4129 σχῆμα
1367 4030 1778 4129 ἀδιαφορίας
1829 4051 1904 4107 ιιι
1966 4043 2325 4123 significent

270 4154 763 4221 indifferentiam
840 4153 973 4217 sive
1049 4153 1536 4233 neglegentiam,
1574 4185 1588 4199 ·
1623 4154 1789 4236 quod
1812 4246 1848 4305 3
1876 4155 1956 4218 ad
2032 4155 2320 4220 habitum
