2909 4892
1383 473 1803 534 ..ε-36·-

555 635 941 706 ἐπιλεαίνων
995 628 1075 704 τό
1123 629 1361 725 πικρόν
1413 636 1526 703 καὶ
1568 625 1894 724 αὐστηρόν
1949 632 2262 704 ἐπιτείνει
2320 629 2435 726 τήν
2477 660 2625 705 νου-

558 747 812 814 θεσίαν.
905 752 1147 817 Contra
1208 770 1398 831 quam
1445 746 1875 832 conjecturam
1938 756 2113 818 certe
2173 751 2293 816 hoc
2336 770 2626 832 pugnare

558 863 828 940 videtur,
875 862 1044 944 quod
1091 863 1359 926 mutatio
1422 862 1761 927 verborum
1821 861 2007 926 nimis
2055 866 2156 926 est
2201 861 2499 939 violenta,
2556 867 2626 927 et

553 981 937 1055 quamquam
981 972 1167 1039 facile
1211 972 1482 1044 concedo
1526 959 1908 1043 sententiam
1954 972 2113 1040 satis
2143 971 2499 1052 elegantem
2544 991 2621 1037 eo

558 1084 744 1148 modo
790 1084 1079 1160 evadere,
1141 1089 1355 1147 tamen
1401 1082 1819 1152 mutationem
1865 1082 2121 1149 omnino
2165 1100 2291 1152 non
2336 1100 2626 1151 necessa·-

561 1195 725 1260 riam
801 1213 940 1260 esse
1015 1193 1468 1270 contenderim,
1536 1211 1679 1261 cum
1751 1193 1938 1264 lectio
2008 1195 2292 1260 codicum
2359 1200 2425 1260 et
2484 1195 2627 1277 ipsa

555 1306 788 1370 bonam
834 1306 1216 1377 sententiam
1263 1305 1573 1385 praebeat
1615 1309 1680 1369 et
1710 1310 2056 1388 propterea
2084 1306 2171 1372 sit
2200 1303 2617 1375 defendenda.

559 1418 771 1498 Atque
815 1417 934 1483 hoc
976 1417 1112 1499 fere
1157 1417 1343 1483 modo
1387 1411 1782 1496 interpretor
1824 1416 2064 1484 locum:
2122 1416 2335 1483 Verus
2381 1416 2624 1483 amicus

560 1547 655 1608 ea,
702 1547 865 1610 quae
911 1528 1076 1595 alius
1120 1529 1184 1594 in
1215 1546 1360 1596 eum
1403 1529 1706 1610 peccavit,
1755 1547 1959 1611 aequo
1992 1527 2204 1593 animo
2248 1528 2381 1594 fert
2422 1546 2629 1612 neque

565 1639 658 1705 eis
703 1640 1104 1718 sollicitatur,
1168 1640 1280 1708 sed
1325 1657 1577 1722 semper
1623 1657 1822 1721 aeque
1868 1645 1970 1707 est
2014 1639 2215 1706 dulcis
2261 1645 2328 1706 et
2372 1639 2627 1723 suavis;

566 1751 622 1814 si
664 1757 930 1833 propter
976 1750 1101 1815 alia
1148 1751 1304 1816 vitia
1347 1757 1414 1816 et
1456 1754 1719 1832 peccata
1763 1751 1992 1821 acerbe
2036 1751 2100 1819 in
2135 1751 2406 1818 amicum
2450 1751 2627 1817 inve-

566 1860 764 1940 hitur,
825 1879 900 1926 eo
959 1862 1246 1927 acerbior
1290 1870 1393 1927 est
1451 1861 1819 1939 admonitio,
1874 1879 2001 1943 quo
2059 1862 2376 1928 mitiorem
2421 1868 2487 1928 et
2530 1881 2633 1928 co-

565 1971 830 2037 miorem
877 1973 1038 2042 alias
1080 1990 1148 2043 se
1179 1973 1507 2054 praestitit
1549 1972 1863 2045 hortator.
1931 1973 2113 2052 Quod
2146 1991 2295 2039 vero
2328 1973 2630 2040 Reiskius

567 2084 754 2150 dicit:
821 2103 946 2166 quo
1007 2085 1211 2166 magis
1277 2083 1633 2155 intenditur
1698 2084 2017 2151 acerbitas
2095 2084 2630 2167 reprehensioniS,

569 2216 643 2262 eo
703 2195 906 2277 magis
975 2196 1197 2264 odiosa
1255 2202 1372 2273 est,
1455 2200 1631 2262 recte
1714 2195 1968 2277 quidem
2034 2196 2272 2289 dictum
2335 2204 2453 2276 est,
2520 2199 2633 2263 sed

570 2315 795 2375 contra
847 2309 1179 2374 lectionem
1241 2308 1522 2397 codicum
1593 2326 1883 2389 pugnare
1929 2327 2053 2374 non
2100 2309 2371 2374 videtur.
2463 2309 2634 2374 Nam·

575 2440 792 2486 omnes
839 2420 1094 2485 omnino
1139 2419 1426 2485 homines
1476 2419 2009 2501 vituperationem
2055 2437 2248 2500 aegre
2278 2419 2451 2485 ferre
2482 2439 2627 2486 con-

574 2537 743 2612 stat;
791 2531 902 2597 sed
952 2531 1359 2599 nihilominus
1407 2549 1597 2600 verae
1640 2531 1961 2600 amicitiae
1993 2536 2111 2609 est,
2157 2537 2421 2612 peccata
2449 2532 2635 2598 amici

576 2663 701 2709 non
748 2642 1107 2724 neglegere,
1155 2643 1269 2708 sed
1313 2642 1553 2709 acriter
1595 2661 1672 2708 ea
1728 2642 2125 2725 impugnare.
2214 2643 2635 2709 Plutarchum

573 2760 788 2820 autem
862 2754 979 2819 hoc
1024 2752 1188 2835 ‘loco
1274 2753 1633 2833 exprimere
1717 2753 1996 2821 voluisse
2065 2744 2146 2819 τό
2221 2744 2458 2842 πικρὰν
2526 2752 2640 2820 καὶ

574 2852 900 2951 αὐστηρόν
957 2865 1166 2929 inesse
1227 2863 1291 2927 in
1356 2864 1543 2934 amici
1605 2865 2055 2943 admonitione,
2126 2883 2207 2932 ex
2269 2867 2363 2932 eis
2423 2866 2636 2933 verbis

575 2980 866 3057 apparet,
913 2975 1142 3056 quibus
1173 2992 1372 3056 supra
1402 2993 1558 3041 usus
1590 2981 1693 3043 est
1721 2963 1970 3041 δάκνων
2000 2987 2067 3043 et
2093 2966 2188 3064 μή
2219 2965 2634 3063 φειδόμενος.

1390 3105 1537 3168 pag.
1587 3091 1687 3152 74.
1734 3088 1813 3152 A.

764 3187 956 3260 Ὀταν
983 3218 1108 3284 γαρ
1138 3186 1177 3284 ἢ
1207 3194 1561 3278 μέλλοντας
1592 3186 1987 3284 ἁμαρτάνειν
2024 3195 2369 3284 ἐκκροῦσαι
2409 3187 2633 3285 δεήσῃ,

575 3298 614 3393 ἢ
638 3295 811 3393 πρός
844 3297 1051 3393 ὁρμνῗν
1082 3330 1228 3372 τινα
1254 3303 1530 3390 βίαιον“
1509 3305 1891 3391 ισταμένους
1934 3305 2006 3389 ἐξ
2034 3304 2324 3384 ἐναντίας
2351 3306 2637 3397 φερομέ-

574 3438 684 3502 νην
727 3407 766 3503 ἢ
812 3438 988 3502 προς
1029 3441 1111 3482 τα
1155 3408 1322 3490 καλα
1364 3417 1675 3499 μαλακῶς
1716 3416 1827 3484 καὶ
1870 3407 2325 3506 ἇπροςθύμως
2376 3412 2640 3501 ἔχοντας

575 3525 849 3592 ἐντεῖναι
911 3526 1022 3594 καὶ
1087 3527 1517 3615 παρορμῆσαι
1589 3519 1997 3617 θελήσωμεν,
2075 3525 2170 3605 εἰς
2242 3525 2461 3605 αἰτίας
2533 3529 2642 3595 δεῖ

577 3635 966 3724 μεταφέρειν
1008 3627 1302 3714 ἇτόπους
1343 3638 1455 3705 καὶ
1496 3663 1588 3727 μη
1636 3628 2023 3727 πρεπούσας
2066 3662 2144 3708 το
2190 3629 2547 3725 γενόμενον.

783 3751 922 3826 Quo
989 3750 1125 3814 loco
1194 3749 1603 3816 offensionem
1669 3753 1990 3832 quandam
2064 3752 2377 3834 praebent
2439 3751 2638 3817 verba

581 3852 751 3944 πρός
772 3849 978 3947 ὁρμήν
997 3881 1142 3925 τινα
1171 3856 1395 3943 βίαιον
1423 3857 1808 3942 ἱσταμένους
1836 3859 1908 3943 ἐξ
1935 3859 2225 3937 ἐναντίας
2255 3859 2637 3949 φερομένην,

581 3992 720 4036 cum
778 3971 1131 4037 infinitivus
1189 3972 1582 4052 requiratur.
1670 3974 1949 4044 Dubium
2007 3972 2263 4056 quidem
2322 3991 2464 4040 esse
2508 3992 2632 4039 non

585 4088 812 4164 potest,
873 4100 1060 4172 quam
1125 4083 1505 4155 sententiam
1569 4083 1691 4155 loci
1737 4084 2193 4164 desideremus,
2251 4083 2362 4155 sed
2408 4084 2639 4169 quibus
