2909 4892
1394 480 1819 554 ...324

575 659 979 724 enunciatum
1025 659 1257 724 referri
1302 658 1526 739 possit,
1594 675 1735 721 cum
1781 663 2045 738 propter
2088 656 2462 738 positionem
2514 652 2637 720 nisi

576 788 717 833 cnm
766 769 958 834 verbo
1000 763 1496 854 τριβωνοφορία
1540 767 1836 847 conjungi
1885 773 2176 847 nequeat.
2270 766 2433 844 Quid
2483 784 2632 832 vero

579 880 691 944 illa
736 898 854 944 vox
898 899 1038 945 eum
1101 881 1218 950 hoe
1273 880 1468 943 verbo
1527 880 1865 958 conjuncta
1922 876 2252 957 significet,
2309 896 2431 941 non
2487 896 2632 958 per-

579 990 795 1070 spicio.
903 990 1206 1070 Cogimur
1281 990 1484 1069 igitur
1576 996 1801 1055 contra
1874 989 2324 1052 auctoritatem
2401 989 2634 1051 codicis

574 1100 959 1165 Parisiensis
1021 1101 1072 1163 Ε
1136 1101 1404 1165 alteram
1469 1099 1802 1162 lectionem
1856 1087 1937 1159 τό
1998 1094 2215 1183 σχῆμα
2262 1097 2628 1177 praeferre3

576 1220 769 1291 atque
828 1211 905 1275 de
967 1212 1154 1290 hujus
1216 1211 1392 1274 verbi
1461 1207 1928 1290 significatione
1992 1214 2059 1273 et
2127 1227 2243 1290 usu
2308 1215 2498 1286 recte,
2565 1216 2635 1273 ut

579 1322 732 1385 mihi
781 1322 1054 1399 videtur,
1101 1321 1454 1402 disputavit
1500 1321 2047 1403 Wytteiibachiu8‚
2098 1321 2631 1383 animadversion.

578 1433 628 1496 Ι.
675 1451 821 1512 pag.
872 1439 1024 1497 345:
1069 1428 1149 1495 τό
1196 1431 1414 1518 σχῆμα
1459 1432 1595 1496 fere
1638 1431 1968 1511 proprium
2029 1437 2130 1494 est
2175 1431 2252 1494 de
2300 1432 2518 1494 habitu
2567 1436 2635 1493 et

575 1543 816 1608 vestitu
874 1543 1414 1623 philosophorum.
1474 1543 1551 1607 cf.
1613 1542 1780 1607 Plut.
1828 1542 1991 1606 Mor.
2058 1561 2201 1622 pag.
2251 1548 2325 1605 81
2380 1543 2462 1607 B:
2505 1539 2635 1619 τῶν

570 1653 975 1738 φιλοσοφεῖν
1015 1650 1427 1736 βουλομένων
1474 1649 1538 1716 οὶ
1579 1642 1868 1732 μάλιστα
1910 1649 2081 1715 κενοὶ
2124 1650 2234 1715 καὶ
2274 1640 2484 1737 βάρος
2520 1640 2636 1714 οὐκ

579 1755 831 1842 ἐῇιοντες
895 1753 1153 1851 θράσος
1224 1757 1447 1843 ἔχουσι
1521 1761 1630 1827 καὶ
1695 1760 1913 1848 σχῆμα
1976 1761 2085 1826 καὶ
2158 1752 2459 1843 βάδισμα
2529 1760 2631 1824 καὶ

576 1862 940 1958 πρόσωπον
997 1867 1376 1962 ὑπεροψίας
1433 1872 1539 1938 καὶ
1603 1864 1954 1959 ὀλιγωρίας
2014 1862 2274 1953 μεστόν.
2337 1910 2413 1919 -
2478 1875 2634 1937 item

578 2005 727 2066 pag.
776 1991 856 2049 84
904 1986 976 2048 Ε.
1028 1986 1132 2050 ubi
1178 1988 1411 2050 nonde
1459 1986 1851 2066 philosophis
1886 1987 2121 2063 agitur,
2170 1987 2279 2048 sed
2313 1986 2390 2047 de
2421 1986 2634 2064 eujus·

580 2096 737 2159 libet
795 2097 1065 2160 hominis
1132 2102 1318 2176 gestu
1386 2096 1541 2160 illud
1615 2097 1873 2160 verbum
1935 2102 2035 2159 est
2098 2100 2494 2176 usurpatum.
2551 2131 2625 2139 -

583 2206 708 2270 Sed
740 2206 867 2270 alia
913 2209 1166 2271 exsistit
1210 2208 1521 2287 quaesti0‚
1569 2226 1841 2287 quonam
1890 2206 2006 2270 hoc
2041 2208 2304 2270 verbum
2338 2208 2423 2270 sit
2468 2206 2630 2269 refe·

582 2317 869 2381 rendum.
961 2317 1123 2380 Nam
1193 2317 1350 2381 satis
1411 2325 1706 2399 apertum
1764 2324 1883 2394 est,
1951 2318 2260 2381 rationem
2328 2318 2632 2395 codicum,

575 2429 680 2507 qui
728 2427 1028 2491 exhibent,
1069 2425 1177 2490 καὶ
1208 2424 1701 2513 τριβωνοφορία
1728 2417 1807 2489 τό
1841 2423 2059 2512 σχῆμα
2090 2424 2197 2490 καὶ
2230 2415 2626 2513 ἀδιαφορία,

581 2557 705 2602 non
771 2539 1162 2617 probandam
1241 2556 1401 2603 esse.
1492 2539 1653 2603 Nam
1729 2557 1868 2602 cnm
1942 2534 2437 2623 τριβωνοφορία
2510 2557 2632 2602 non

578 2650 782 2728 magis
840 2650 1137 2728 coniungi
1183 2668 1371 2728 posse
1414 2638 1496 2713 τό
1542 2648 1760 2735 σχῆμα
1812 2668 2001 2730 quam
2046 2639 2127 2712 τό
2172 2646 2392 2734 χρῆμα
2436 2667 2636 2729 snpra

579 2760 933 2840 expositum
981 2767 1098 2823 est.
1190 2760 1718 2841 Wyttenbachius
1764 2760 2018 2841 quidem
2053 2761 2239 2825 dicit:
2287 2760 2399 2824 sed
2442 2747 2633 2822 ἀδια-

581 2865 790 2955 φορία
859 2877 1071 2933 utrum
1132 2871 1316 2950 jungi
1402 2872 1631 2935 debeat
1698 2890 1837 2935 cum
1904 2868 2122 2956 σχῆμα
2179 2890 2258 2934 an
2320 2889 2462 2934 cum
2518 2859 2637 2952 δια

583 2969 929 3062 στόματος,
991 3000 1111 3045 non
1170 2982 1329 3047 satis
1389 2981 1471 3049 in⁴
1518 2989 1817 3072 promptu
1876 2990 1992 3045 est.
2089 2982 2156 3046 Si
2219 2983 2398 3061 prius
2449 2982 2633 3055 valet,

582 3110 806 3156 sensus
853 3092 954 3156 hic
999 3093 1116 3155 sit:
1163 3092 1421 3157 habitus
1484 3098 1735 3157 constat
1793 3093 2151 3172 gestatione
2209 3092 2382 3173 pallii
2429 3101 2495 3156 et
2538 3094 2636 3155 in-

578 3203 978 3267 differentiae
1010 3204 1250 3282 speeie:
1299 3205 1398 3268 sin
1428 3204 1727 3280 alterum,
1775 3205 1837 3267 in
1869 3221 1980 3266 ore
2012 3211 2164 3267 sunt
2209 3202 2640 3267 indifferentia

580 3328 646 3378 et
690 3316 937 3378 numeri
982 3313 1351 3394 figuraeque
1395 3314 1704 3390 PlatoniS‚
1766 3314 1878 3377 sed
1933 3309 2042 3376 καί
2099 3321 2248 3378 ante
2304 3303 2420 3376 δια
2483 3299 2635 3377 στό-

577 3446 785 3505 ματος
852 3425 1223 3507 deleiidum3
1292 3414 1357 3488 et
1416 3424 1535 3487 hoc
1594 3425 1847 3505 quidem
1911 3424 2150 3489 malim.
2254 3424 2372 3488 Cui
2421 3417 2635 3505 ⁸expli-

577 3540 810 3602 cationi
876 3539 1228 3619 compluria
1293 3547 1467 3602 recte
1536 3538 1766 3618 opponi
1833 3547 2119 3617 possunt.
2229 3539 2513 3603 Primum
2581 3539 2638 3602 si

580 3636 955 3737 ἀδιαφορία
985 3651 1393 3731 conjungitur
1439 3668 1579 3713 cum
1627 3649 2059 3733 sequentibuS,
2106 3651 2198 3715 ita
2231 3658 2301 3713 ut
2348 3650 2637 3728 legatur:

578 3758 683 3823 καὶ
719 3749 1091 3847 ἀδιαφορία
1137 3747 1252 3824 διοῖ
1285 3749 1614 3840 στόματος
1645 3755 1715 3823 οἵ
1740 3781 1812 3822 τε
1841 3748 2128 3847 ἀριθμοὶ
2158 3758 2263 3824 καὶ
2302 3750 2384 3824 to?
2423 3749 2641 3846 ὀρθο-

581 3862 785 3956 γώνια
827 3871 936 3936 καὶ
989 3868 1269 3956 τρίγωνα
1327 3861 1705 3949 Πλάτωνος,
1767 3875 1910 3937 huic
1970 3875 2346 3938 annectendi
2402 3876 2641 3938 rationi

580 3986 795 4049 obstat
841 3985 1071 4064 positio
1119 3984 1479 4062 verborum,
1511 3986 2143 4065 cumpraedicatum,
2179 3987 2347 4071 quod
2379 3987 2639 4063 dicitnr,

578 4097 745 4160 inter
801 4095 1008 4159 media
1069 4095 1358 4175 subjecta
1426 4097 1706 4176 positum
1770 4098 1871 4161 sit.
1975 4098 2136 4161 Tum
2217 4115 2367 4161 vero
2443 4097 2643 4165 verbo
