2909 4892
1122 509 1537 567 -27-

301 678 505 743 habeo
531 677 865 743 lectionem
892 675 991 739 vel
1022 675 1235 757 potius
1266 673 1698 753 conjecturam
1731 660 1903 761 πρός
1930 659 2046 755 τήν
2062 664 2356 754 καρδίαν.

306 790 530 855 Nonne
575 808 692 871 pro
737 807 815 853 ea
859 788 1136 852 dictione
1185 785 1624 850 desideramus
1671 779 1765 856 εἰς
1805 771 1922 867 τήν
1957 777 2229 866 καρδίαν
2259 780 2358 845 vel

301 901 505 965 solum
554 901 1032 965 accusativum?
1142 898 1230 962 Et
1298 896 1566 961 mutatio
1626 895 1736 959 illa
1803 901 1977 960 certe
2036 899 2137 956 est
2196 892 2355 957 satis

300 1011 595 1077 violenta.
650 1047 721 1059 --

505 1122 794 1203 Denique
840 1127 915 1186 ut
954 1121 1086 1202 jam
1121 1121 1273 1202 quid
1305 1121 1442 1203 ipse
1475 1121 1744 1185 sentiam
1778 1120 2001 1198 dicam,
2048 1120 2352 1200 optimam

301 1235 684 1300 sententiam
730 1234 1000 1298 evadere
1044 1237 1218 1312 puto,
1267 1234 1321 1297 si
1366 1232 1735 1314 conjicimus
1781 1232 2112 1312 scriptoris
2159 1231 2356 1294 verba

296 1346 499 1410 fuisse
546 1345 808 1409 haecce:
875 1332 968 1428 μή
1012 1331 1498 1427 μεταβάλληται
1557 1338 1730 1429 πρός
1776 1333 2134 1427 ἐναντίονῆ
2187 1329 2354 1420 μετα

304 1453 570 1520 πολλῶν
641 1453 885 1518 παθῶν
939 1449 1237 1529 εἷςιοῦσα
1303 1475 1381 1519 ne
1438 1456 1504 1519 in
1562 1454 1953 1519 contrarium
2009 1454 2075 1529 (i.
2123 1472 2178 1516 e.
2235 1453 2353 1516 ini-

301 1568 602 1645 micitias)
647 1567 1023 1633 immutetur
1067 1586 1208 1632 cum
1255 1566 1474 1631 multis
1522 1564 1853 1631 affectibus
1900 1565 2208 1646 ingressa.

1129 1696 1273 1758 pag.
1323 1683 1405 1743 49
1454 1678 1527 1741 B.

509 1788 639 1853 Sub
685 1786 872 1851 finem
920 1787 1112 1869 primi
1156 1789 1383 1868 capitis
1424 1789 1563 1868 ejus
1597 1788 1764 1860 libri,
1798 1790 1899 1854 cui
1944 1788 2352 1853 inscribitur:

305 1897 451 1973 πῶς
496 1889 575 1961 ι’·ἔν
615 1919 719 1972 τις
763 1894 1156 1983 διακρίνειε.
1193 1949 1208 1965 .
1242 1901 1455 1978 verba,
1504 1900 1582 1962 de
1627 1900 1857 1980 quibus
1911 1900 2358 1980 disputaturus

303 2030 468 2084 sum,
516 2012 577 2073 in
611 2009 795 2073 libris
830 2010 1284 2091 manuscriptis
1316 2011 1620 2091 leguntur
1652 2012 1839 2076 haec:
1878 1999 2355 2075 Ἀντιτάττεῑαι

297 2112 424 2207 γάρ
467 2109 577 2184 ἀεὶ
641 2111 813 2204 πρός
853 2111 934 2185 τό
978 2119 1207 2186 Γνῶθι
1266 2110 1507 2185 σαπὸν
1558 2109 1814 2207 ἀπάτην
1871 2114 2121 2206 ἑκάστῳ
2185 2113 2358 2207 πρός

303 2224 535 2298 ἑαυτόν
577 2230 874 2312 ἐμποιῶν
917 2231 1023 2296 καὶ
1064 2224 1332 2315 ἄγνοιαν
1374 2228 1609 2296 ἑαυτοῦ
1650 2231 1757 2296 καὶ
1806 2232 1935 2297 τῶν
1976 2233 2132 2321 περὶ
2164 2223 2363 2298 αὐτᾶν

298 2334 571 2428 ἀγαθῶν
628 2342 736 2407 καὶ
800 2342 1008 2407 κακῶν
1064 2333 1147 2406 τοὶ
1211 2341 1328 2423 μὲν
1385 2340 1619 2428 ἐλλιπῆ
1679 2343 1789 2407 καὶ
1849 2333 2069 2431 ἀτελῆ,
2131 2336 2217 2408 τοὶ
2284 2341 2357 2408 δὲ

310 2444 830 2542 ἀνεπανόρθωτα
873 2452 1104 2519 ποιῶν.

511 2567 892 2647 Priusquam
918 2567 998 2629 ad
1030 2566 1236 2630 locum
1269 2567 1679 2632 tractandum
1713 2568 2030 2644 aceedam,
2063 2573 2139 2631 ut
2166 2567 2356 2647 plane

304 2677 738 2757 intellegatur,
816 2678 926 2758 qui
1000 2678 1087 2742 sit
1159 2697 1479 2743 connexus
1564 2697 1782 2742 rerum
1868 2679 2355 2759 verborumque,

305 2788 496 2852 liceat
560 2795 1008 2868 argumentum
1064 2789 1262 2869 primi
1333 2789 1524 2870 hujus
1592 2791 1819 2871 capitis
1895 2790 2064 2853 haud
2139 2789 2356 2854 multis

304 2897 515 2962 verbis
561 2916 936 2978 proponere.
1026 2897 1113 2962 Et
1155 2901 1430 2979 primum
1476 2900 1729 2980 quidem
1795 2906 2020 2967 auctor
2076 2900 2354 2980 exponit,

301 3009 414 3084 eis,
461 3009 571 3088 qui
616 3013 839 3089 aperte
883 3009 1118 3085 (licant,
1164 3009 1352 3075 nimis
1398 3028 1541 3074 sese
1583 3011 1757 3091 ipsos
1813 3029 2048 3088 amare,
2105 3011 2354 3076 veniam

306 3120 483 3212 dari,
552 3120 722 3184 inter
784 3119 1093 3199 pessimos
1158 3126 1372 3186 autem
1442 3140 1553 3186 eos
1612 3140 1754 3186 esse
1806 3121 2195 3198 referendos
2255 3121 2367 3202 qui

301 3232 402 3296 sui
450 3231 735 3311 ipsorum
760 3231 923 3310 justi
956 3231 1405 3296 aestimatores
1435 3251 1578 3296 esse
1611 3252 1733 3297 non
1766 3234 2031 3314 possint.
2121 3233 2357 3298 Occae-

300 3346 518 3409 catum
562 3341 731 3405 enim
792 3360 932 3405 esse
977 3342 1259 3406 animum
1303 3343 1464 3423 ejuS,
1523 3345 1633 3424 qui
1679 3349 1871 3420 amet,
1927 3344 2051 3408 nisi
2095 3361 2356 3408 consue-

305 3453 493 3528 verit,
554 3452 825 3517 henesta
876 3452 1097 3532 ,potius
1172 3454 1389 3532 magni
1464 3454 1806 3519 aestimare
1879 3459 2072 3535 atque
2123 3455 2360 3519 sectari

297 3581 491 3644 quam
558 3562 680 3644 ipsi
741 3568 1030 3641 cognata.
1124 3563 1248 3627 Sed
1303 3564 1367 3626 id
1411 3565 1641 3646 ipsum,
1698 3565 1866 3646 quod
1913 3569 2093 3631 ta‘nto
2137 3584 2357 3630 amore

300 3692 417 3739 nos
459 3673 636 3755 ipsos
683 3673 1147 3753 amplectimur,
1196 3674 1516 3739 adulatori
1563 3677 1812 3740 veniam
1859 3676 2357 3758 facultatemque

297 3784 588 3865 praebet,
657 3802 784 3864 qua
845 3802 920 3846 eo
966 3782 1214 3848 facilius
1259 3785 1322 3848 iu
1370 3786 1615 3850 animos
1684 3787 2008 3853 hominum
2070 3788 2359 3869 irrepere

297 3898 532 3974 potest.
628 3893 794 3957 Nam
841 3894 896 3958 is
940 3893 1048 3974 qui
1093 3893 1417 3959 adulatori
1449 3896 1758 3977 indulget,
1806 3915 1875 3961 se
1919 3899 2128 3979 ipsum
2162 3917 2354 3979 quam

298 4003 576 4068 maxime
620 4010 795 4067 amat
838 4009 906 4067 et
949 4011 1215 4085 propter
1261 4006 1360 4070 sui
1408 4006 1930 4087 benevolentiam,
1978 4009 2099 4073 sibi
2143 4009 2357 4073 omnia

292 4120 560 4195 praesto
609 4131 752 4178 esse
796 4121 863 4177 et
907 4114 1044 4181 vult
1087 4120 1153 4179 et
1195 4122 1400 4195 putat.
1494 4118 1734 4195 Quodsi
1781 4136 1931 4182 vero
1975 4125 2151 4183 recte
2196 4119 2359 4183 dixit
