2909 4892
1377 519 1797 581 -20-

551 686 861 773 γυναικῶν
902 684 1010 750 καὶ
1056 674 1521 772 ἀποῤῥεόντων
1566 673 1680 749 ἀπ’
1726 673 1959 761 αὐτῶν,
2027 676 2133 748 ὅτι
2174 675 2266 773 μή
2315 674 2620 750 δύνανται

552 801 806 882 κρατεῖν
837 798 998 875 (scil.
1031 785 1266 877 αὐτῶν)
1299 787 1414 860 διά
1443 787 1524 860 τό
1557 797 1830 869 πολλοῖς
1861 785 2063 869 αὐτοῖς
2095 793 2615 876 συμπλέκεσθαι.

555 910 1099 988 Quemadmodum
1144 909 1251 988 qui
1282 909 1474 989 primi
1506 925 1725 971 amore
1758 907 2097 972 mulierum
2130 907 2620 972 libidinosarum

554 1020 916 1101 capiuntur,
963 1020 1107 1083 illas
1154 1024 1567 1084 contemnunt
1612 1025 1677 1081 et
1708 1020 1936 1083 missas
1987 1017 2244 1096 faciunt,
2278 1025 2629 1099 propterea

554 1133 722 1213 quod
768 1132 1056 1212 integras
1102 1130 1428 1211 possidere
1475 1136 1798 1211 nequeunt
1840 1148 2031 1211 saepe
2079 1130 2423 1210 multisque
2468 1148 2618 1193 con-

557 1247 943 1308 suescentes.

763 1343 882 1417 'Cui
943 1358 1009 1416 et
1066 1350 1440 1430 conjiciendi
1496 1356 1561 1415 et
1604 1350 2071 1430 interpretandi
2131 1349 2389 1427 rationi,
2453 1349 2625 1414 haud

555 1462 722 1528 levia
781 1468 969 1540 sunt,
1035 1479 1199 1541 quae
1255 1461 1490 1542 opponi
1552 1466 1840 1542 possunt.
1952 1460 2240 1525 Primum
2301 1461 2444 1540 quis
2502 1467 2642 1537 est,¹

555 1573 705 1657 quin
773 1573 1123 1652 intellegat,
1201 1572 1581 1651 positionem
1656 1572 1998 1637 verborum
2064 1589 2208 1635 esse
2274 1571 2500 1635 duram
2561 1578 2630 1635 et

558 1701 874 1765 asperam,
940 1690 1013 1747 ut
1073 1683 1233 1747 bono
1289 1681 1545 1763 quidem
1606 1682 1907 1766 scriptori
1971 1683 2074 1745 vix
2141 1682 2337 1746 tribui
2398 1682 2625 1761 possit.

564 1793 724 1861 Vide
789 1800 1030 1875 quanto
1098 1793 1440 1857 intervallo
1515 1794 1793 1874 genetivi
1861 1781 2239 1856 ἀκολάστων
2315 1790 2629 1876 γυναικῶν

462 1919 465 1922 ·
558 1905 773 1970 absint
831 1924 871 1969 a
928 1903 1267 1986 participio
1342 1891 1773 1984 ἀμελούντων,
1850 1922 2121 1985 quocum
2176 1904 2627 1984 conjungenda

558 2017 707 2082 sint.
799 2016 1071 2082 Omnino
1137 2014 1191 2078 si
1247 2015 1446 2079 verba
1506 2034 1600 2093 eo,
1670 2034 1794 2095 quo
1853 2015 2150 2079 Reiskius
2210 2014 2367 2092 vult,
2438 2015 2628 2080 modo

558 2131 1038 2204 connectuntur,
1113 2124 1372 2190 vocibus
1448 2113 1825 2189 ἀκολάστων
1880 2122 2191 2207 γυναικῶν
2269 2125 2474 2205 major
2535 2126 2632 2217 vis

563 2237 778 2315 datur,
826 2255 1017 2321 quam
1061 2254 1183 2317 par
1226 2244 1345 2301 est.
1439 2237 1791 2301 Praeterea
1851 2242 2166 2300 mutatum
2211 2237 2626 2319 participium

560 2333 1016 2426 ἀμελουμένων
1060 2345 1125 2409 in
1170 2346 1447 2411 activum
1494 2333 1903 2425 ἀμελούντων
1952 2345 2107 2410 mihi
2139 2365 2259 2410 non
2292 2348 2631 2427 probatur,

559 2459 794 2541 quippe
849 2475 989 2521 cum
1052 2457 1503 2538 interpretatio
1565 2458 1688 2522 loci
1751 2475 2017 2537 prorsus
2077 2457 2205 2521 alia
2262 2455 2376 2521 fiat
2433 2465 2631 2540 atque

558 2585 722 2649 quae
767 2586 909 2632 mea
952 2569 1275 2632 sententia
1317 2569 1672 2648 expetenda
1720 2568 1970 2631 videtur
2001 2586 2159 2632 esse.
2229 2567 2394 2631 Nam
2428 2569 2485 2631 si
2515 2569 2629 2634 illa

559 2679 758 2744 verba
800 2697 878 2743 ea
921 2679 1189 2759 ratione,
1236 2696 1428 2762 quam
1463 2679 1651 2742 modo
1682 2679 1964 2759 exposui,
2013 2680 2093 2743 ad
2128 2678 2475 2743 amicitiam
2522 2698 2625 2743 re-

558 2786 846 2868 ferimuS,
907 2789 1227 2855 sententia
1271 2790 1525 2854 exsistit
1570 2789 1825 2853 haecce:
1895 2788 2198 2853 Mulieres
2244 2790 2442 2870 igitur
2486 2788 2631 2853 libi-

562 2899 843 2979 dinosae,
899 2918 1064 2980 quae
1109 2918 1299 2980 saepe
1345 2907 1411 2964 et
1462 2900 1692 2963 multos
1738 2899 2069 2979 complecti
2116 2900 2435 2978 dicuntur,
2483 2919 2629 2966 cum

564 3009 644 3075 iis
689 3011 1050 3076 hominibus
1095 3017 1571 3091 comparantur,
1632 3012 1742 3090 qui
1811 3011 2045 3074 multos
2102 3012 2337 3076 amicos
2394 3013 2633 3078 habere

563 3121 856 3201 student3
913 3127 1104 3202 atque
1149 3139 1257 3186 eos
1304 3122 1549 3185 diceret
1613 3120 2001 3185 Plutarchus
2048 3140 2087 3185 a
2130 3124 2355 3201 primis
2402 3125 2625 3188 amicis

563 3233 813 3312 neglegi
857 3240 926 3296 et
967 3231 1252 3309 destitui,
1299 3233 1470 3312 quod
1516 3233 1595 3297 ab
1628 3233 1707 3295 iis
1752 3239 2019 3313 propter
2048 3229 2454 3319 πολυφιλίαν
2501 3254 2628 3323 nou

562 3344 646 3411 ab
692 3344 861 3406 omni
905 3349 1091 3424 parte
1136 3345 1434 3423 occupari
1478 3350 1758 3423 possent.
1830 3343 1955 3407 Sed
2000 3344 2154 3406 mihi
2188 3345 2251 3407 in
2284 3364 2358 3408 eo
2392 3353 2631 3411 natura

562 3451 680 3539 τῆς
707 3448 1111 3537 πολυφιλίας
1152 3455 1363 3533 posita
1396 3472 1537 3518 esse
1584 3472 1708 3517 non
1745 3454 1993 3518 videtur
2024 3460 2089 3516 et
2123 3435 2258 3519 rem
2290 3473 2359 3519 se
2392 3456 2629 3520 habere

565 3565 877 3631 contendo
935 3562 1069 3628 fere
1116 3564 1234 3629 hoc
1282 3565 1505 3630 modo:
1574 3564 1637 3629 Is
1686 3565 1793 3645 qui
1840 3566 2076 3629 multos
2140 3567 2376 3630 amicos
2438 3568 2635 3633 habet

566 3674 666 3740 vel
708 3681 901 3756 parat
944 3676 1085 3753 sibi,
1131 3675 1381 3755 priores
1429 3676 1765 3756 neglegere
1798 3675 1965 3740 solet
1994 3683 2260 3757 propter
2290 3697 2420 3755 e08,
2467 3696 2628 3759 quos

565 3793 793 3868 postea
852 3786 973 3851 sibi
1016 3785 1378 3851 conciliavit
1434 3786 1474 3850 i.
1522 3804 1575 3850 e.
1625 3787 1874 3866 priores
1939 3787 2145 3865 amici,
2215 3807 2354 3852 cum
2416 3798 2631 3871 poste-

564 3895 769 3961 riores
818 3914 931 3961 seu
974 3898 1291 3978 sapientia
1330 3916 1444 3961 seu
1483 3899 1803 3961 suavitate
1845 3881 2151 3961 seu‘aliis
2199 3900 2392 3964 rebus
2441 3919 2633 3981 supe-

566 4023 717 4071 rare
761 4026 883 4071 non
924 4008 1192 4088 possint,
1235 4008 1663 4088 negleguntur
1694 4009 1774 4073 ab
1807 4008 1934 4071 illis
1981 4017 2452 4090 proptereaque
2495 4011 2628 4075 dis-

569 4116 822 4183 cedunt.
