2909 4892
1336 515 1457 559 .··-
1550 487 1799 547 38.—

771 653 872 718 Ita
917 653 1154 732 legitur
1199 651 1260 716 in
1323 650 1651 734 Sophoclis
1694 649 2126 730 Antignvem.
2177 656 2332 716 299:
2430 711 2434 715 .

957 800 961 805 ·
1569 823 1576 830 -
2297 757 2539 848 φρένας

651 892 936 958 χρηστας
994 862 1167 958 πρός
1211 892 1451 956 αισχρα
1500 862 1861 959 πραγμαθ’
1892 867 2217 937 ἵστασθαι
2258 869 2531 959 βροτῶν.

565 983 888 1048 Plutarch.
975 985 1380 1049 Demosthe-n.
1465 1003 1602 1066 cap.
1690 984 1891 1049 XXII.
1992 973 2165 1069 πρὸς
2244 972 2325 1047 τό
2405 972 2629 1074 κοινόν

563 1083 924 1175 ἱστάμενον.
988 1130 1066 1144 —-
1127 1095 1294 1160 Plut.
1373 1098 1549 1161 Aem.
1624 1086 1806 1165 Paul.
1882 1114 2016 1177 cap.
2092 1095 2203 1178 IX.
2276 1085 2450 1179 πρὸς
2512 1082 2628 1158 τόν

567 1193 862 1285 πόλεμον
904 1199 1056 1292 ἔστη
1113 1243 1172 1253 —-
1231 1207 1423 1272 simili
1472 1208 1656 1273 modo
1701 1207 2008 1289 explicari
2066 1227 2271 1289 posse,
2333 1207 2625 1288 Wytten-

565 1316 828 1381 bachius
872 1318 1009 1398 ipse
1055 1319 1358 1384 concedit.
1448 1319 1651 1383 Immo
1696 1319 1892 1383 etiam
1933 1318 2130 1384 alium
2161 1319 2389 1396 locum,
2434 1338 2620 1400 quem

567 1428 792 1492 attulit
834 1428 957 1502 ille,
1005 1429 1267 1495 Eusebii
1314 1430 1543 1512 Praep.
1593 1429 1902 1510 Evangel.
1951 1430 2119 1495 XIX.
2169 1449 2333 1512 pag.·
2365 1436 2509 1495 737.
2546 1430 2624 1498 A.

563 1529 736 1625 πρὸς
781 1529 896 1616 σ’ὑς
936 1537 1045 1605 καὶ
1089 1537 1428 1626 ἐριστικῶς
1471 1529 1818 1622 ἱστάμενος
1862 1542 1943 1607 ad
1990 1559 2179 1606 meas·
2211 1547 2434 1622 partes
2478 1560 2624 1606 con-

565 1652 888 1717 verterim.
982 1651 1135 1717 Dico
1195 1652 1359 1717 enim
1422 1652 1744 1718 notionem
1805 1652 2179 1733 opponendi,
2240 1671 2406 1734 quae
2459 1671 2625 1718 ‚sane

565 1764 663 1828 his
726 1764 939 1830 verbis
1007 1765 1248 1845 subest,
1317 1764 1759 1846 conjunctione
1823 1763 2001 1829 verbi
2068 1759 2425 1850 ἐριστικῶς·
2482 1783 2624 1828 cum

565 1871 946 1956 ἱσταμένους
990 1874 1197 1955 magis
1242 1873 1426 1951 effici,
1472 1893 1612 1939 cun]
1658 1875 1919 1956 proprie
1965 1876 2273 1959 vertenda
2302 1876 2432 1940 sint
2462 1875 2624 1954 ista:

571 1988 800 2068 quibus
847 2006 916 2049 se
961 1986 1351 2055 contentiose
1397 1986 1775 2068 applicanS.⁸
1841 1984 2187 2051 Praeterea
2218 1986 2413 2051 etiam
2448 1987 2625 2052 ver-bi

572 2095 934 2185 φερομένην
979 2096 1360 2178 significatio
1405 2098 1482 2173 ei,
1547 2115 1738 2179 quam
1784 2096 2313 2177 wyttenbachius
2357 2096 2624 2178 profert,

565 2208 822 2273 lectioni
886 2210 1146 2274 obstare
1207 2209 1479 2285 videtur,
1567 2227 1731 2289 quae
1791 2206 1924 2273 fere
1983 2208 2207 2272 eadem
2268 2215 2369 2273 est.
2432 2215 2626 2291 atque

569 2339 732 2402 quae
796 2321 856 2385 in
927 2320 1240 2402 adjectivo
1305 2317 1534 2403 βίαιος
1600 2320 1786 2384 inest.
1877 2318 2188 2399 Equidem
2258 2320 2464 2385 locum
2534 2322 2627 2386 ita

568 2431 904 2512 leg-endum
952 2450 1092 2496 esse
1139 2419 1541 2515 arbi-troni}
1588 2419 1762 2515 πρὸς
1806 2417 2015 2517 ’ὁρμήν
2056 2452 2200 2494 τινα
2244 2427 2627 2512 ἱσταμένους

569 2539 636 2617 ἐς
690 2537 976 2606 ἐναντίαν
1028 2537 1286 2628 φέρειν;
1351 2543 1450 2606 vel
1509 2541 1775 2622 impetui
1834 2541 2083 2605 cuidam
2144 2541 2499 2607 vehementi
2559 2563 2627 2608 se

569 2652 964 2735 applicantes
1009 2652 1075 2717 in
1120 2653 1509 2718 contrarium
1559 2652 1720 2735 (scil.
1773 2653 2105 2733 impetum)
2152 2660 2467 2719 avertere..
