2909 4892
1104 497 1528 556 ...35-

300 664 488 728 drare
550 663 708 727 dic0.
802 662 967 726 Nam
1035 661 1199 740 quod
1263 660 1788 742 wyttenbachius
1856 661 1917 724 in
1980 662 2077 725 his
2141 662 2353 727 verbis

290 774 496 838 inesse
543 773 698 850 vult,
746 790 897 837 voce
945 769 1159 856 οἴησις
1214 771 1375 835 satis
1408 772 1691 852 exprimi
1739 772 2012 849 videtur,
2063 772 2229 853 quod
2276 790 2353 836 ex

293 885 387 949 eis
435 884 669 960 verbiS,
717 901 882 963 quae
927 882 1217 962 proximo
1265 882 1473 961 capite
1521 882 1842 962 leguntur,
1892 888 2195 965 apparet:
2257 871 2352 946 To*

289 985 417 1081 γάρ
480 992 752 1058 οἴεσθαι
807 983 890 1057 zo?
933 981 1249 1056 κάλλιστα
1305 982 1474 1073 ,ιιι-τοὶ
1538 989 1658 1057 τοῦ
1714 982 2089 1076 βούλεσθαι
2131 989 2356 1057 πίστιν

291 1098 432 1186 ἅμα
473 1103 567 1189 τῷ
610 1095 841 1170 κόλακι
883 1101 993 1168 καὶ
1038 1091 1296 1189 θράσος
1342 1099 1637 1172 δίδωσιν.

491 1218 845 1299 Propterea
888 1234 1027 1296 ⁴pro
1095 1211 1403 1295 ἑτοίμους
1484 1216 1703 1297 paucis
1769 1215 2005 1280 litteris
2086 1216 2350 1280 mutatis

291 1323 593 1414 ἑταίρους
637 1327 1039 1392 scribendum
1089 1346 1227 1391 esse
1286 1327 1682 1407 conjecerim,
1740 1334 1812 1391 ut
1858 1328 2175 1392 sententia
2236 1326 2356 1390 loci

289 1438 446 1503 haec
490 1439 611 1502 sit:
676 1438 801 1502 Per
849 1438 1207 1520 opinionem
1270 1437 1445 1502 illam
1494 1438 1571 1501 de
1617 1438 1797 1502 nobis
1857 1438 2013 1518 ipsis
2074 1437 2354 1515 nimiam,

290 1569 420 1630 qua
455 1550 601 1630 ‚ipsi
667 1566 781 1618 nos
843 1548 1199 1625 adulamur,
1262 1548 1445 1629 quasi
1513 1548 1664 1613 socii
1725 1548 2135 1614 adulatorum
2179 1547 2353 1624 facti,

289 1661 571 1725 externis
628 1660 758 1724 illis
819 1659 1264 1725 adulatoribus
1325 1659 1575 1724 facilem
1636 1660 2018 1740 praebemus
2078 1660 2157 1724 ad
2219 1657 2354 1723 ani-

294 1789 465 1835 mum
517 1776 804 1835 nostrum
852 1771 1118 1835 aditum.

1111 1898 1256 1962 pag.
1313 1886 1391 1945 67
1439 1882 1511 1945 B.

499 2027 574 2038 —-
637 1989 746 2055 καὶ
789 1989 866 2079 τῇ
911 1981 1249 2078 γλυκύτητι
1303 1991 1424 2056 τοῦ
1484 1990 1959 2068 νουθετοῦντος
2018 1989 2358 2057 ἐπιτείνων

287 2092 367 2167 τὸ
413 2091 652 2190 πικρόν
695 2100 801 2166 καὶ
847 2092 1173 2189 αὐστηρόν
1214 2102 1331 2191 τῆς
1382 2101 1763 2179 νουθεσίας.

499 2215 801 2296 Disputat
846 2216 1228 2280 Plutarchus
1275 2217 1392 2280 hoc
1436 2217 1573 2280 loco
1620 2217 1699 2281 de
1744 2217 2046 2281 libertate
2107 2216 2357 2282 dicendi

290 2330 482 2406 atque
553 2326 833 2407 exponit,
905 2310 1177 2391 maxime
1256 2329 1603 2392 cavendum
1672 2346 1833 2405 esse,
1905 2347 1984 2392 ne
2050 2329 2191 2410 quis
2257 2329 2356 2392 sui

293 2437 494 2516 ipsius
542 2438 759 2516 gratia
819 2438 1016 2501 veluti
1074 2438 1288 2503 laesus
1346 2445 1460 2503 aut
1519 2439 1739 2503 dolens
1799 2440 2002 2504 libere
2048 2440 2251 2516 dicat3
2297 2440 2356 2503 ei

288 2548 456 2610 enim
529 2546 776 2612 dicendi
844 2549 1126 2614 libertati
1195 2549 1431 2614 nullam
1499 2549 1625 2612 vim
1696 2550 1925 2615 inesse.
2034 2550 2156 2614 Sed
2221 2549 2356 2613 veri

289 2662 477 2725 amici
565 2661 1057 2727 admonitionem
1145 2662 1313 2725 omni
1390 2661 1644 2741 privato
1718 2660 1951 2725 affectu
2034 2666 2355 2726 carentem

294 2791 562 2853 gravem
631 2791 773 2838 esse
851 2779 915 2837 et
984 2772 1429 2836 venerabilem.
1524 2777 1734 2853 Atque
1810 2773 2024 2853 pergit
2096 2778 2353 2840 auctor:

291 2885 346 2948 si
396 2885 601 2964 igitur
668 2890 957 2965 apparet,
1025 2884 1300 2964 aliquem
1359 2883 1421 2946 in
1469 2883 1670 2947 libere
1732 2883 1993 2948 dicendo
2040 2903 2136 2961 ea,
2196 2902 2359 2965 quae

302 2995 548 3059 amicus
592 2996 656 3059 iu
702 3013 772 3058 se
817 2994 1228 3073 commiserit,
1276 3012 1545 3075 prorsus
1601 2994 1917 3073 omittere,
1966 2994 2093 3058 alia
2140 3001 2357 3059 autem

295 3107 453 3170 vitia
500 3107 640 3187 ejus
686 3106 997 3170 acerrime
1044 3106 1434 3186 vituperare,
1468 3125 1543 3172 ea
1578 3106 1844 3171 libertas
1887 3105 2132 3169 dicendi
2167 3105 2360 3170 habet

293 3218 422 3282 vim
483 3216 1060 3298 inexpugnabilem,
1119 3217 1352 3297 quippe
1406 3237 1573 3299 quae
1631 3218 1772 3298 ipsa
1832 3217 2146 3281 monentis
2208 3235 2356 3280 sua-

291 3330 490 3393 vitate
537 3328 954 3393 acerbitatem
1011 3327 1461 3393 admonitionis
1507 3334 1761 3408 augeat.
1814 3365 1890 3374 —
1942 3327 2359 3391 offenderunt

290 3440 544 3520 quidem
594 3439 714 3502 viri
762 3438 930 3502 docti
977 3438 1094 3501 hoc
1139 3438 1274 3502 loco
1321 3439 1615 3503 inverbo
1645 3434 2005 3515 ἐπιτείνων,
2053 3439 2162 3502 sed
2207 3457 2356 3501 num

286 3555 464 3614 recto
511 3548 910 3626 offenderint,
957 3530 1238 3613 dubito.¹
1291 3550 1377 3614 Et
1408 3550 1707 3614 Reiskius
1740 3549 2134 3613 contrarium
2176 3546 2354 3627 flagi-

287 3667 433 3726 tare
478 3660 863 3725 sententiam
912 3660 1101 3724 dicit:
1147 3649 1562 3744 ἐπικρύπτων
1607 3661 1707 3724 vel
1753 3656 2163 3736 ἐπιλεαίνωνς
2212 3678 2358 3723 nam

285 3791 412 3854 quo
460 3772 663 3850 magis
710 3772 1087 3851 intenditur,
1147 3772 1376 3853 inquit,
1433 3773 1753 3837 acerbitas
1818 3770 2350 3853 reprehensioniS,

284 3902 365 3948 eo
410 3885 614 3965 magis
663 3884 890 3948 odiosa
934 3889 1052 3948 est.

506 3994 1033 4075 Wyttenbachius
1080 3999 1295 4060 autem
1344 4013 1424 4058 ne
1455 3995 1545 4058 sic
1576 3995 1828 4075 quidem
1862 3999 2079 4059 censet
2109 3998 2360 4059 senten-

291 4106 452 4172 tiam
498 4105 761 4188 expleri,
809 4125 974 4191 quae
1018 4106 1312 4189 requirat
1357 4112 1702 4187 utrumque
1740 4106 2023 4256 νονξιὲῐῃ,
2072 4106 2164 4171 ita
2193 4104 2356 4170 fere:
