2909 4892
1367 539 1785 600 ..34-

540 704 794 782 attinet,
856 722 1022 785 quae
1076 703 1140 769 in
1187 723 1262 769 eo
1308 705 1610 782 cernitur,
1671 704 1837 785 quod
1893 704 2160 768 barbam
2207 704 2489 769 demittit
2532 712 2597 770 et

530 815 727 896 pallio
772 816 929 880 trito
977 815 1200 882 utitur.
1270 815 1446 894 Quae
1493 821 1822 880 structura
1868 815 1922 879 si
1967 816 2067 879 cui
2113 815 2323 881 minus
2354 816 2597 883 usitata

533 926 833 991 videatur
875 944 1038 1006 esse,
1082 926 1208 991 levi
1253 927 1608 992 mutatione
1652 926 1824 991 facta
1853 928 2125 992 alteram
2165 926 2597 1007 conjecturam

530 1055 817 1120 propono
877 1056 993 1118 pro
1048 1027 1129 1101 τό
1188 1034 1406 1126 σχῆμα
1461 1025 1835 1123 ἀδιαφορία
1884 1075 1960 1084 -
2007 1026 2341 1124 σχήματος
2394 1026 2589 1102 οἶδια·

531 1143 763 1235 φορία,
807 1167 970 1231 quae
1016 1150 1285 1215 eandem
1331 1155 1526 1231 atque
1569 1149 1681 1214 illa
1723 1149 1996 1229 praebet
2040 1150 2463 1215 sententiam.-

1353 1278 1500 1341 pag.
1549 1265 1651 1326 65.
1699 1261 1768 1325 F.
2103 1320 2106 1325 .

722 1360 911 1457 Αὕτη
933 1363 1059 1456 γαρ
1075 1370 1239 1453 (scil.
1262 1361 1304 1457 ἦ
1331 1369 1569 1457 οἴησις)
1594 1361 1767 1456 ἡμᾶς
1788 1358 2366 1457 προκολακεύουσα
2385 1367 2594 1450 μαλα-

527 1476 849 1567 κωτέρους
881 1483 1072 1545 ποιεῖ
1089 1482 1241 1575 τοῖς
1262 1478 1581 1569 θυραίοις
1609 1470 1892 1562 κόλαξιν,
1928 1473 2019 1555 ὠς
2049 1477 2353 1562 ἑτοίμους
2385 1471 2591 1556 ὄντας.

739 1591 1266 1674 wyttenbachius
1299 1593 1362 1658 in
1396 1593 1917 1659 annotationibus
1951 1593 2189 1657 criticis
2221 1593 2384 1658 hanc
2413 1593 2591 1657 lecti-

536 1720 721 1767 onem
765 1702 1008 1784 frigere
1053 1721 1259 1785 neque
1304 1722 1528 1770 sanam
1574 1704 1778 1769 videri
1837 1704 1990 1769 dicit
2035 1709 2102 1768 et
2143 1710 2318 1768 recte
2384 1703 2597 1768 dicere

537 1812 810 1879 videtur.
904 1814 1236 1880 Sententia
1281 1815 1448 1880 enim
1497 1815 1694 1880 totius
1727 1814 1848 1879 loci
1880 1814 2037 1879 haec
2068 1819 2195 1879 est:
2243 1813 2425 1892 Quod
2460 1813 2596 1895 Jam

539 1922 719 1988 initio
767 1923 965 1989 totius
1011 1922 1207 1989 libelli
1253 1930 1479 1992 auctor
1524 1924 1796 2002 dixerat,
1843 1942 2035 2006 quam
2067 1925 2340 1989 maxime
2371 1943 2597 1989 caven-

533 2034 684 2098 dum
730 2052 892 2112 esse,
940 2053 1020 2100 ne
1063 2036 1205 2116 quis
1252 2035 1389 2117 ipse
1434 2053 1505 2101 se
1549 2036 1738 2100 nimis
1785 2041 1959 2101 amet
2004 2053 2163 2100 neve
2206 2035 2468 2099 nimiam
2516 2035 2598 2099 de

534 2162 604 2209 se
656 2144 797 2225 ipso
856 2145 1093 2211 habeat
1164 2146 1548 2228 opinionem,
1626 2147 1743 2212 hoc
1813 2147 1950 2211 loco
2015 2146 2467 2226 disputationis
2532 2146 2600 2209 in

536 2257 905 2322 memoriam
952 2263 1244 2337 revocat3
1291 2258 1554 2323 nimiam
1601 2258 1771 2322 enim
1816 2257 2007 2347 istam
2040 2257 2419 2338 opinionem,
2449 2268 2598 2327 ,cum

532 2367 714 2447 prius
769 2386 883 2432 nos
941 2368 1209 2434 adulata
1259 2368 1365 2447 sit,
1422 2367 1741 2434 faciliores
1807 2386 1922 2432 nos
1991 2368 2260 2433 reddere
2313 2368 2598 2433 externis

534 2478 999 2558 adulatoribus,
1045 2479 1280 2560 quippe
1325 2479 1433 2560 qui
1464 2480 1678 2560 parati
1732 2481 1951 2546 simus,
2015 2479 2136 2545 Cui
2186 2478 2443 2543 lectioni
2488 2497 2598 2544 ex-

533 2588 794 2671 plicatio
839 2589 1094 2670 quidem
1143 2608 1267 2654 non
1314 2590 1515 2669 deest,
1564 2608 1706 2654 cum
1752 2591 2040 2661 homines
2084 2590 2229 2654 illos
2261 2589 2342 2654 ad
2374 2588 2599 2654 adula-

532 2703 710 2764 tores
757 2700 1031 2764 libenter
1080 2700 1414 2764 audientes
1461 2701 1555 2769 ita
1598 2701 1873 2782 quidem,
1924 2707 1995 2765 ut
2040 2720 2164 2766 non
2211 2701 2592 2765 resistentes

536 2809 936 2875 adulationes
1000 2829 1219 2877 eorum
1283 2812 1616 2892 recipiant,
1679 2812 1801 2876 dici
1861 2812 2068 2892 possit
2126 2815 2394 2898 paratos·
2433 2829 2598 2877 esse.

538 2920 662 2985 Sed
707 2922 971 2986 verbum
1033 2916 1343 3003 ἑτοίμους
1402 2923 1574 2987 nude
1640 2923 1919 3004 positum
1980 2940 2062 2986 ne
2125 2921 2281 2985 mihi
2341 2922 2600 3003 quidem

534 3031 797 3111 probari
859 3030 1198 3111 confiteor;
1269 3034 1633 3097 accuratius
1708 3033 1877 3097 enim
1953 3029 2380 3113 significatum
2454 3049 2600 3096 esse

536 3142 745 3221 velim,
791 3143 942 3224 quid
987 3143 1080 3209 illi
1110 3143 1324 3209 facere
1353 3144 1572 3225 parati
1606 3149 1841 3209 essent.
1931 3143 2152 3223 Neque
2197 3161 2347 3208 vero
2393 3144 2601 3223 magis

535 3254 721 3320 alteri
768 3253 1022 3320 lectioni
1071 3255 1374 3320 assentiri
1421 3255 1647 3332 audeo,
1694 3273 1885 3336 quam
1919 3254 2017 3318 vir
2049 3253 2156 3318 ille
2187 3253 2597 3319 doctissimus

534 3367 891 3447 proposuit,
938 3383 1014 3430 ex
1061 3366 1347 3445 margine
1403 3366 1638 3431 codicis
1685 3365 2069 3430 Parisiensis
2115 3364 2187 3432 F.
2233 3371 2593 3446 sumptam:

535 3467 627 3551 ὥς
674 3496 855 3549 τινας
900 3465 1122 3550 ὅνταςι
1183 3482 1511 3557 tamquam
1572 3475 1884 3556 ejusmodi
1946 3475 2138 3553 viros,
2200 3475 2309 3555 qui
2354 3474 2599 3555 aliquid

536 3587 756 3665 simu8‚
831 3587 998 3668 quod
1073 3605 1189 3665 per
1261 3587 1833 3668 breviloquentiam
1911 3586 2149 3650 dictum
2235 3585 2597 3650 arbitratur

535 3697 734 3777 accipi
792 3714 981 3779 posse
1049 3714 1166 3779 pro
1233 3691 1574 3777 οἰομένους
1631 3688 1810 3784 ἡμᾶς
1863 3716 2047 3770 τινας
2103 3685 2290 3760 εἶναι.
2382 3698 2598 3775 Atque

535 3825 675 3871 eam
722 3807 1060 3871 dictionem
1116 3807 1300 3872 bonis
1346 3808 1767 3888 scriptoribus
1833 3808 2142 3872 usitatam
2197 3824 2357 3883 esse,
2409 3805 2596 3886 quus

535 3918 631 3982 rei
691 3918 1046 3999 compluria
1107 3918 1399 4001 exempla
1451 3918 1694 3995 attulit,
1763 3937 1889 3982 non
1959 3918 2324 3999 negaverim
2388 3933 2598 3998 neque

536 4028 740 4107 obsto,
788 4030 1124 4110 quominus
1168 4029 1680 4111 breviloquentia
1724 4030 1851 4094 ista
1894 4029 2272 4109 exquisitior
2317 4028 2421 4107 sit,
2478 4028 2595 4093 sed

537 4139 795 4203 omnino
841 4140 1226 4207 sententiam
1274 4142 1482 4222 ipsam
1529 4141 1869 4206 verborum
1915 4140 2035 4205 hoc
2079 4140 2219 4204 loco
2264 4157 2388 4204 non
2434 4156 2596 4220 qua-
