2909 4892
1367 467 1789 533 *123-

554 649 706 698 vero
764 631 1255 714 praepositionis
1321 619 1496 717 πρός,
1539 638 1607 699 et
1647 625 1745 704 εἰς
1807 646 2074 712 prorsus
2141 628 2405 695 eandem
2474 643 2630 691 esse·

553 741 895 821 rationem
939 761 1123 809 nemo
1168 748 1269 807 est
1312 742 1463 826 quin
1523 750 1730 823 neget.
1820 743 2032 821 Atque
2090 737 2405 819 imprimis
2472 752 2619 801 cum

555 853 792 921 talibus
839 852 1069 934 verbis,
1116 853 1305 934 quale
1349 859 1452 917 est
1495 848 1799 931 ἐναντίος,
1862 868 2003 917 meo
2045 849 2285 930 judicio
2346 865 2618 929 praepo·

553 964 702 1031 sitio
747 957 843 1038 εἰς
886 964 1183 1045 conjungi
1232 965 1487 1029 omnino
1534 964 1774 1045 nequit,
1825 962 1880 1026 si
1927 961 2185 1043 quidem
2233 960 2379 1026 huic
2423 958 2621 1022 verbo

555 1093 632 1143 ea
676 1076 850 1140 notio
894 1076 1133 1155 subest,
1182 1093 1346 1156 quae
1391 1075 1511 1141 hoc
1556 1075 1693 1139 loco
1739 1073 2164 1139 desideratur.
2255 1070 2420 1135 Illud
2466 1085 2619 1132 vero

555 1185 908 1266 exemplum
976 1174 1151 1271 πρός
1214 1181 1437 1271 κτῆσιν
1500 1181 1619 1271 τῆς
1683 1171 1939 1270 ἀρετῆς,
2006 1184 2156 1265 quia
2221 1182 2395 1246 notio
2458 1178 2633 1243 vocis

558 1278 733 1383 ῥὸπή
780 1295 917 1361 fere
960 1297 1288 1361 contraria
1332 1302 1433 1361 est
1466 1295 1725 1371 notioni,
1772 1313 1936 1375 quae
1968 1295 2193 1360 subest
2224 1293 2419 1358 verbo
2450 1286 2624 1354 ἐναν-

554 1403 718 1486 τίος,
764 1407 1018 1472 omnino
1066 1406 1251 1472 afferi
1296 1424 1422 1471 non
1466 1406 1757 1471 debebat.
1810 1440 1885 1452 --
1936 1405 2179 1485 Quibus
2225 1401 2624 1484 argumentis

557 1518 898 1599 diligenter
962 1518 1314 1598 perspectis
1387 1517 1862 1597 Wyttenbachii
1931 1516 2301 1596 conjectura
2371 1514 2628 1577 videtur

556 1629 903 1709 rejicienda
945 1647 1107 1694 esse.

760 1739 1129 1806 Hercherus
1175 1738 1448 1819 denique
1492 1738 1559 1802 in
1606 1743 1871 1817 textum,
1919 1739 2030 1818 qui
2064 1742 2349 1812 vocatur,
2399 1734 2628 1800 haecce

559 1850 832 1931 recepit:
881 1838 1310 1913 Ἐναντιοῦται
1355 1845 1430 1912 δὲ
1471 1837 1639 1929 μειοῖ
1687 1885 1765 1894 -
1811 1838 1989 1935 πρὸς
2032 1844 2263 1933 φιλίας
2325 1842 2548 1932 κτῆσιν
2590 1836 2629 1932 ἦ

558 1957 674 2047 τῆς
742 1956 1149 2046 πολυφιλίας
1235 1950 1455 2046 ὄρεξις
1523 1984 1576 2025 κ.
1622 1983 1678 2026 τ.
1726 1959 1779 2022 λ.
1902 1961 2043 2038 Qua
2107 1960 2474 2040 conjectura
2536 1975 2639 2020 re-

560 2076 745 2153 cepta
811 2072 1084 2137 concedo
1155 2072 1540 2137 sententiam
1608 2072 1878 2136 evadere
1946 2071 2176 2151 bonam
2238 2077 2306 2134 et
2370 2067 2635 2133 difficul—

561 2188 732 2249 tates
788 2185 951 2249 istas
1011 2183 1348 2261 removeri,
1420 2189 1492 2247 at
1546 2182 1931 2251 mutationes
1992 2181 2198 2249 factas
2253 2181 2442 2249 nimis
2496 2197 2638 2247 esse

565 2293 876 2359 violentas
922 2294 1085 2358 dico.

764 2405 994 2469 Restat
1047 2404 1266 2484 igitur,
1341 2409 1412 2468 ut
1459 2403 1594 2484 ipse
1656 2403 1882 2481 dicam,
1955 2421 2085 2483 qua
2149 2403 2406 2468 ratione
2472 2402 2638 2469 hunc

563 2513 771 2579 locum
831 2522 1005 2580 recte
1071 2515 1376 2581 constitui
1418 2533 1608 2595 posse
1665 2515 1965 2580 arbitrer.
2080 2513 2391 2593 Equidem
2453 2515 2516 2578 in
2562 2531 2639 2578 ea

561 2624 834 2690 lectione
879 2626 1405 2707 acquiescendum
1451 2644 1594 2690 esse
1643 2631 1818 2705 puto,
1887 2644 2100 2706 quam,
2164 2632 2239 2689 ut
2296 2629 2359 2692 in
2405 2625 2640 2690 codicis

562 2736 888 2801 Meziriaci
933 2738 1223 2818 margine
1254 2736 1545 2816 legimuS,
1594 2737 1922 2818 Xylander
1953 2743 2103 2802 ante
2136 2737 2352 2803 oculos
2388 2737 2631 2812 habuit,

563 2847 698 2911 sive
727 2846 865 2929 ipse
896 2848 1189 2927 conjecit,
1223 2848 1358 2911 sive
1389 2867 1467 2913 ex
1500 2848 1764 2928 antiquo
1796 2848 2011 2911 codice
2044 2849 2309 2913 sumsit:
2356 2836 2637 2935 ἀφιλίας

562 2953 756 3036 ἐστίν,
801 2966 875 3023 ut
918 2959 1237 3024 sententia
1281 2959 1401 3024 loci
1445 2960 1602 3023 haec
1649 2960 1767 3024 sit:
1814 2958 1983 3023 inter
2016 2960 2178 3024 alias
2212 2960 2449 3025 multas
2481 2960 2638 3025 haec

564 3088 692 3134 non
736 3076 839 3135 est
884 3070 1147 3136 minima
1190 3087 1402 3147 causa,
1463 3088 1576 3134 cur
1621 3073 1894 3152 (veram)
1958 3070 2302 3136 amicitiam
2351 3089 2474 3135 non
2519 3090 2634 3151 pa-

562 3197 776 3245 remus
820 3186 939 3246 ect.
1029 3181 1127 3245 Ne
1170 3181 1313 3261 quis
1361 3181 1516 3245 mihi
1561 3188 1859 3262 opponat,
1924 3182 2286 3260 genetivum
2333 3170 2629 3267 ἀφιλίας,

564 3290 752 3356 nimis
815 3292 1112 3357 recedere
1167 3311 1207 3356 a
1249 3293 1446 3357 vcrbo
1499 3289 1729 3369 αἴτιον,
1791 3310 1960 3357 cum·
2004 3294 2225 3357 eadem
2292 3291 2635 3359 difficultas

564 3401 627 3466 in
674 3401 817 3467 aliis
863 3421 1113 3484 quoque
1159 3403 1542 3484 conjecturis
1590 3410 1816 3467 exstet.
1887 3403 2127 3480 Quodsi
2160 3405 2302 3483 quis
2335 3406 2630 3483 miratur,

564 3513 734 3594 quod
778 3513 1089 3595 Xylandri
1136 3515 1524 3579 sententiam
1572 3515 1736 3578 tanti
1782 3515 2152 3580 existimare
2201 3514 2439 3591 videor,
2486 3534 2635 3580 eon-

564 3621 753 3702 ferat‚
811 3642 1070 3705 quaese,
1131 3643 1296 3706 quae
1340 3624 1717 3690 Doehnerus
1761 3626 1823 3689 in
1872 3626 2318 3706 quaestionum
2373 3625 2632 3693 Plutar-

565 3734 867 3800 chearum
910 3735 1263 3816 particulae
1306 3736 1554 3816 p1imae
1597 3754 1743 3816 pag.
1790 3741 1872 3800 43
1918 3736 2107 3801 dixit:
2156 3735 2434 3801 offensus
2480 3737 2632 3803 item

564 3844 820 3911 videtur
873 3845 1219 3926 Xylander‚
1287 3848 1397 3927 qui
1457 3847 1522 3911 in
1569 3846 2101 3927 interpretatione
2174 3847 2395 3926 latina,
2464 3866 2627 3928 quae

567 3956 822 4023 omnino
869 3975 910 4020 a
953 3957 1231 4036 posteris
1284 3957 1641 4021 editoribus
1711 3959 1915 4039 magis
1981 3959 2043 4021 in
2102 3958 2628 4038 disceptationem

568 4068 784 4132 vocari
815 4074 1169 4147 meruerat;
1207 4073 1273 4133 et
1295 4068 1512 4149 paullo
1541 4073 1723 4148 post:
1757 4069 1937 4146 Quod
1971 4069 2102 4133 dixi
2132 4070 2412 4136 editores
2444 4084 2632 4150 saepe
