2909 4892
1413 528 1841 597 ...m-⁶.

607 702 797 781 atque
842 696 895 763 si
946 698 1209 763 mutilus
1255 705 1535 776 veretur,
1590 717 1668 763 ne
1713 700 2018 766 Briareus
2070 700 2186 766 fiat
2229 708 2481 768 centum
2519 710 2661 789 *ma-

602 811 787 875 nibus
831 809 1181 891 praeditus,
1230 815 1294 872 et
1338 827 1563 877 caecus
1610 811 1886 890 quidam‚
1937 830 2012 876 ne
2045 809 2160 877 fiat
2191 815 2402 899 Argus
2447 813 2661 878 omnia

604 920 841 985 videns,
931 920 1125 1011 Atqui
1186 919 1417 983 mirum
1485 937 1674 999 quam
1728 921 2026 1000 Juvenem
2087 921 2261 985 illum
2323 922 2660 987 Menandri

599 1030 951 1107 laudamu8‚
998 1029 1106 1111 qui
1150 1029 1420 1105 dixerat,
1489 1029 1797 1110 optimum
1843 1030 2051 1095 virum
2098 1049 2169 1095 se
2212 1032 2444 1097 ducere
2488 1051 2655 1111 eum,

601 1140 707 1221 qui
753 1139 853 1204 vel
897 1139 1187 1204 umbram
1246 1139 1515 1204 haberet
1560 1139 1805 1205 amici.“
1857 1175 1936 1187 —
1981 1141 2126 1207 Jam
2173 1148 2529 1223 sequuntur
2573 1161 2653 1208 ea

601 1250 814 1327 verba,
862 1267 1024 1330 quae
1068 1267 1265 1331 supra
1309 1250 1534 1313 attuli:
1593 1248 1805 1317 αἴτιον
1848 1248 1923 1314 δὲ
1963 1275 2026 1313 κ.
2071 1273 2129 1315 τ.
2177 1250 2235 1319 λ.
2281 1252 2360 1318 de
2402 1252 2654 1333 quibus,

596 1380 740 1426 cum
785 1361 1030 1440 largam
1075 1360 1429 1440 praebeant
1472 1360 1805 1440 dubitandi
1850 1368 1917 1425 et
1959 1362 2220 1443 criticae
2264 1363 2427 1426 artis
2470 1381 2651 1428 exer·

599 1472 888 1536 citandae
943 1471 1298 1545 materiam,
1354 1472 1717 1535 accuratius
1778 1479 1845 1535 et
1884 1469 2093 1546 fusius
2161 1492 2299 1536 sum
2361 1472 2649 1554 disputa-

602 1588 806 1647 turuS.
896 1581 1020 1658 Qui
1077 1580 1252 1645 locus
1311 1580 1519 1644 tribus
1577 1582 1848 1646 maxime
1907 1583 2318 1646 incommodis
2375 1581 2650 1661 laborat,

595 1711 756 1773 quae
802 1692 1019 1754 insunt
1064 1690 1128 1753 in
1173 1690 1384 1754 verbis
1429 1687 1644 1753 αἴτιον
1687 1684 1783 1764 εἷς
1824 1686 2055 1776 φιλίας
2095 1682 2337 1776 κτῆσιν,Δ
2361 1698 2448 1755 et
2490 1677 2643 1753 οἶκο-

591 1790 844 1864 λάστων
884 1795 1194 1883 γυναικῶν
1237 1804 1303 1863 et
1348 1796 1745 1878 δυναμένοις.

793 1913 1002 1990 Atque
1044 1911 1318 1989 primum
1353 1911 1603 1990 quidem
1637 1910 2005 1974 delectione
2050 1908 2261 1973 αίτιον
2290 1904 2385 1983 εἷς
2414 1905 2648 1995 φιλίας

584 2020 805 2108 κτῆσιν
847 2021 1279 2102 quaestionem
1325 2021 1678 2086 instituam.
1752 2021 1956 2098 Quam
2002 2021 2338 2084 dictionem
2375 2038 2644 2100 prorsus

581 2132 862 2214 ineptam
906 2147 1049 2194 esse
1093 2130 1195 2194 vix
1239 2136 1356 2208 est,
1403 2149 1519 2194 cur
1548 2148 1856 2210 moneam,
1903 2149 2044 2195 cum
2075 2130 2463 2195 contrariam
2495 2147 2640 2193 sen·

586 2244 850 2308 tentiam
896 2239 1346 2305 desideremus,
1439 2240 1660 2321 Neque
1688 2260 1843 2305 vero
1874 2241 2028 2305 mihi
2060 2241 2350 2305 arrident
2392 2239 2639 2304 Reiskii

584 2353 1006 2434 conjecturae,
1065 2351 1174 2432 qui
1239 2356 1353 2414 aut
1418 2352 1611 2416 scribi
1671 2351 1810 2416 vult
1871 2345 1968 2424 εἰς
2028 2346 2260 2436 φιλίας
2322 2337 2642 2429 οὐδεμιᾶς

583 2462 804 2549 κτῆσιν
866 2468 980 2528 aut
1022 2455 1118 2535 εἰς
1158 2449 1436 2546 ἀφιλίας
1492 2459 1731 2547 κτῆσιν,
1791 2481 1953 2543 quae
2007 2462 2280 2542 quidem,
2342 2461 2507 2541 quod
2554 2460 2638 2524 ad

581 2573 961 2638 sententiam
992 2573 1289 2653 pertinet,
1331 2572 1487 2636 nihil
1515 2574 1970 2654 propemodum
2002 2573 2171 2638 inter
2203 2590 2272 2635 se
2301 2570 2630 2636 differunt.

583 2683 746 2749 Nam
779 2682 1031 2746 etiamsi
1061 2683 1525 2747 concedendum
1558 2689 1677 2760 est,
1709 2684 2004 2747 Latinam
2031 2681 2630 2762 interpretationem

582 2798 848 2877 propter
922 2793 1305 2858 sententiam
1373 2793 1703 2872 eleganter
1769 2801 1837 2858 et
1893 2795 2030 2859 sine
2098 2792 2231 2856 ulla
2287 2790 2634 2856 offensione

581 2903 797 2980 fluere,
845 2902 1184 2967 maximam
1230 2903 1382 2967 mihi
1414 2910 1629 2968 movet
1672 2903 2135 2969 dubitationem
2180 2902 2631 2982 grammatices

578 3014 765 3092 rati0‚
831 3032 971 3078 cum
1019 3032 1058 3079 a
1101 3013 1329 3080 Graeci
1376 3016 1687 3079 sermonis
1754 3014 1961 3079 indole
2026 3031 2294 3095 prorsus
2355 3012 2629 3077 alienam

579 3142 720 3189 esse
765 3124 956 3189 talem
1004 3125 1340 3190 dictionem
1385 3123 1601 3200 αἴτιος
1644 3119 1740 3198 εἷς
1780 3122 2002 3211 κτῆσιν
2044 3125 2195 3189 mihi
2239 3124 2327 3187 sit
2366 3139 2634 3204 persua-

585 3254 742 3299 sum.
832 3235 1140 3317 Exempla
1200 3244 1371 3301 certe
1431 3236 1723 3316 equidem
1790 3235 1998 3301 inveni
2055 3233 2249 3298 nulla.
2351 3234 2636 3314 Denique

577 3364 653 3408 ne
697 3345 814 3410 hoc
857 3345 1111 3427 quidem
1153 3364 1413 3427 possum
1461 3365 1582 3412 non
1613 3364 1891 3421 monere,
1936 3364 2165 3426 parum
2195 3345 2431 3409 rationi
2476 3362 2623 3408 con-

579 3456 781 3522 cinne.
808 3456 930 3519 dici
958 3456 1091 3519 tale
1134 3456 1320 3536 quid:
1366 3453 1582 3530 αἴτιος
1625 3451 1722 3530 εἷς
1763 3445 2040 3540 ἀφιλίας
2080 3453 2333 3540 κτῆσινς
2398 3456 2460 3518 in
2506 3473 2635 3535 qua

580 3566 894 3629 locutione
938 3566 1131 3631 etiam
1188 3568 1426 3631 omissa
1470 3568 1547 3630 de
1591 3560 2228 3649 praepositionis‚ec‘9
2273 3584 2391 3629 usu
2435 3582 2629 3646 quae-

575 3675 799 3749 stione,
846 3676 1107 3741 verbum
1152 3673 1375 3761 κτῆσιν
1418 3678 1483 3740 in
1529 3677 1644 3740 tali
1691 3677 2154 3741 sententiarum
2200 3693 2483 3739 connexu
2529 3693 2629 3739 me

572 3786 737 3852 male
780 3785 993 3865 habet,
1028 3803 1170 3850 cum
1218 3805 1356 3850 meo
1402 3788 1653 3867 quidem
1679 3787 1918 3867 judicio
1963 3787 2239 3866 scriptor
2284 3785 2629 3851 amicitiam

575 3915 698 3961 non
728 3915 1088 3976 possessam
1132 3895 1496 3977 significare
1538 3898 1857 3975 maluerit,
1890 3897 2461 3979 quam-amicorum
2494 3897 2630 3960 ino·

572 4006 741 4087 piam
788 4014 1064 4087 partam,
1112 4008 1204 4071 ita
1247 4008 1502 4087 quidem
1548 3996 1622 4072 ut
1664 4008 1840 4073 notio
1886 4025 2126 4087 negans
2174 4025 2297 4071 non
2345 4007 2425 4070 ad
2472 4008 2632 4071 ami-

575 4117 782 4194 citiae,
830 4118 943 4181 sed
987 4117 1064 4181 ad
1111 4118 1538 4198 possessionis
1598 4138 1812 4185 vocem
1869 4120 2209 4200 pertineat.
2256 4155 2361 4171 -»
2389 4117 2631 4186 Reiskii
