2909 4892
1352 503 1738 562 -6-

515 665 769 734 easdem
824 670 1081 755 fugiunt
1134 679 1258 737 res,
1350 672 1527 748 Quae
1573 671 1783 735 omnia
1836 670 2006 734 haud
2053 671 2357 751 ignorans
2416 670 2579 736 adu-

512 774 685 845 lator
745 779 985 861 fingere
1038 758 1261 845 'studet
1321 782 1722 859 adulatione3
1780 793 1859 844 ne
1904 780 2268 846 libertatem
2313 782 2568 861 quidem

484 885 758 955 'dicendi
803 890 1119 955 amicitiae
1164 892 1482 971 integram
1524 892 1986 971 possessionem
2035 897 2175 955 ess'e
2223 891 2378 954 vult.
2450 892 2571 954 At-

512 1007 726 1065 tamen
771 1019 895 1064 non
940 1019 1144 1082 pauca
1177 1009 1344 1080 sunt,
1393 1002 1623 1083 quibus
1657 1002 1953 1066 adulator
1984 1001 2063 1064 ab
2096 1001 2298 1063 amico
2331 999 2567 1076 differt,

515 1104 677 1192 quae
708 1111 1090 1175 Plutarchus
1125 1130 1368 1175 summo
1403 1119 1593 1192 opere
1631 1111 1987 1192 conquisita
2019 1111 2257 1190 optime
2290 1111 2567 1191 exponit,

513 1222 604 1285 ita
650 1229 720 1285 ut
763 1220 967 1297 facile,
1015 1241 1178 1301 quae
1210 1240 1361 1285 vera
1391 1224 1477 1285 sit
1508 1222 1805 1297 amicitia,
1854 1222 2058 1301 possit
2089 1220 2384 1301 perspici.
2448 1221 2574 1295 Ita,

513 1339 584 1395 ut
621 1333 755 1411 ‚iam
801 1349 991 1395 unum
1041 1331 1322 1407 afferam,
1384 1333 1681 1396 adulator
1727 1334 1937 1396 omnia
1984 1333 2048 1395 in
2095 1331 2300 1395 alt-ero
2344 1330 2572 1395 laudat

510 1448 576 1506 et
620 1461 697 1505 ne
724 1421 886 1505 ‘vitia
915 1442 1167 1522 quidem
1213 1439 1579 1523 vituperare
1612 1444 1821 1519 audet,
1872 1459 1949 1506 ne
1981 1442 2169 1506 alteri
2217 1443 2568 1522 displiceat,

512 1552 763 1618 amicus,
821 1558 1034 1615 autem
1105 1570 1229 1615 non
1285 1552 1406 1616 nisi
1469 1553 1736 1617 honesta
1812 1555 2137 1633 probaque
2199 1553 2386 1616 laude
2458 1571 2581 1616 sua

435 1662 702 1741 „digna
768 1667 969 1741 putat.
1036 1698 1110 1707 —-
1178 1662 1524 1726 Undecimo
1586 1662 1780 1726 libelli
1845 1664 2050 1744 capite
2116 1664 2192 1727 de
2249 1664 2572 1726 suavitate

511 1773 868 1857 instituitur
923 1769 1292 1853 disputatio,
1348 1773 1500 1853 quid
1546 1773 1748 1848 amici,
1807 1773 1956 1853 quid
2006 1770 2359 1837 adulatoris
2417 1791 2564 1836 sua-

513 1881 677 1945 vitas
723 1882 857 1946 sibi·
891 1881 1062 1957 velit,
1110 1883 1462 1963 quaeritur.
1558 1884 1769 1964 Atque
1814 1886 2157 1948 amicorum
2192 1882 2410 1948 officiis
2455 1901 2572 1963 ap-

510 1999 698 2073 paret
752 2011 890 2057 cum
952 1992 1484 2073 pulchritudinem
1545 2000 1610 2057 et
1653 1993 2016 2071 utilitatem,
2086 2001 2220 2059 tum
2277 1995 2574 2077 jucundi-

510 2107 711 2183 tatem
758 2109 829 2166 ut
872 2101 1089 2165 florem
1138 2103 1366 2182 inesse,
1425 2104 1517 2167 ita
1564 2105 1813 2184 quidem
1861 2111 1931 2168 ut
1970 2106 2152 2185 j0cus
2209 2124 2459 2187 quoque
2505 2112 2577 2170 et

510 2213 764 2294 epulum
811 2219 875 2276 et
922 2212 1132 2276 vinum
1180 2220 1245 2278 et
1289 2215 1459 2277 risus
1491 2233 1823 2295 nugaeque
1864 2215 2067 2279 locum
2117 2234 2571 2297 nonnunquam

428 2397 432 2401 ,
514 2324 825 2400 habeant3
874 2324 1229 2387 adulatoris
1274 2330 1487 2388 autem
1521 2331 1725 2388 totum
1760 2343 1917 2405 opus
1949 2334 2050 2390 est
2081 2327 2258 2390 lusus
2290 2334 2356 2390 et
2383 2327 2570 2407 jocus

513 2440 578 2497 et
608 2434 919 2513 voluptas.
1014 2433 1193 2497 Sicut
1223 2435 1388 2498 enim
1435 2434 1544 2498 ille
1577 2436 1820 2499 meliori
1869 2453 2119 2516 semper
2151 2438 2345 2501 animi
2389 2438 2564 2517 parti

380 2613 385 2617 ,
424 2628 428 2631 Α
507 2549 573 2608 et
617 2544 884 2632 rationis
930 2544 1226 2625 participi
1271 2563 1339 2607 se
1385 2545 1682 2625 applicat,
1729 2546 1822 2610 ita
1852 2546 2151 2610 adulator
2189 2548 2563 2612 libidinosae

450 2647 453 2650 ’
510 2661 576 2719 et
632 2654 878 2736 experti
938 2654 1226 2718 rationis.
1333 2656 1497 2718 Tum
1577 2675 1725 2720 vero
1802 2658 1863 2720 in
1927 2655 2143 2720 officiis
2220 2658 2568 2722 subeundis

508 2764 844 2827 discrimen
879 2782 1175 2843 magnum
1209 2765 1529 2829 invenitur
1562 2768 1729 2831 inter
1761 2768 2030 2831 amicum
2055 2774 2121 2830 et.
2146 2768 2566 2831 adulatorem.

508 2874 627 2938 Hic
670 2874 836 2937 enim
882 2875 946 2936 in
996 2876 1285 2939 omnibus
1331 2878 1526 2942 rebus
1571 2876 1933 2958 promptum
1982 2898 2048 2941 se
2080 2878 2363 2957 praebet,
2410 2898 2573 2944 nun-

507 2975 695 3065 quam
741 2984 1134 3047 dubitantem
1198 3005 1397 3066 neque
1443 2996 1863 3063 recusantem,
1927 2996 2120 3069 atque
2163 2990 2303 3069 eJus
2359 2989 2570 3053 oratio

509 3088 725 3158 multis
770 3102 836 3159 et
881 3081 1167 3172 operosis
1213 3097 1511 3160 remediis
1556 3104 1737 3177 eget3
1785 3098 1955 3161 illius
1991 3117 2199 3163 mores
2246 3099 2567 3178 simplices

511 3205 867 3284 sincerique
915 3215 1079 3270 sunt.
1169 3207 1288 3283 Qui
1337 3208 1389 3270 si
1423 3208 1673 3271 obviam
1705 3210 1822 3272 tibi
1855 3208 1946 3285 fit,
1995 3210 2315 3272 interdum
2362 3228 2569 3291 neque

507 3316 660 3379 dicit
704 3333 905 3395 neque
951 3317 1129 3379 audit
1183 3317 1441 3398 aliquid,
1490 3320 1600 3382 sed
1646 3318 2052 3383 familiariter
2097 3327 2160 3384 te
2207 3320 2568 3399 adspiciens

507 3431 573 3489 et
617 3425 953 3498 subridens
999 3428 1344 3506 praeterit3
1407 3428 1706 3492 adulator
1768 3437 1991 3492 contra
2037 3429 2335 3505 accurrit,
2404 3430 2570 3493 inse-

506 3536 743 3615 quitur,
771 3536 905 3614 jam
938 3537 1156 3615 procul
1189 3537 1478 3601 dextram
1509 3539 1805 3618 porrigit,
1852 3540 1905 3601 si
1936 3540 2117 3619 prius
2150 3539 2567 3619 compellatus

502 3650 624 3721 est,
670 3662 862 3725 saepe
908 3645 1180 3708 testibus
1225 3655 1290 3709 et
1326 3648 1748 3728 jurejurando
1780 3649 2082 3712 adhibitis
2126 3650 2565 3713 excusationes

505 3753 772 3835 profert.
834 3788 912 3799 —
974 3754 1195 3835 Neque
1237 3756 1468 3833 minuS,
1532 3765 1843 3838 quantum
1896 3759 2170 3822 intersit
2211 3759 2381 3822 inter
2442 3777 2573 3836 eoS,

511 3863 916 3943 cognoscitur
959 3864 1023 3926 in
1068 3866 1420 3944 promissis
1501 3868 1754 3931 Amicus
1800 3869 1966 3931 enim
2013 3885 2152 3932 cum
2200 3868 2407 3933 dicat:
2454 3870 2565 3934 ad-

502 3973 740 4054 juvabo
784 3979 871 4049 te,
919 3974 975 4036 si
1005 3981 1250 4055 potero,
1297 3983 1362 4040 et
1391 3977 1764 4059 priusquam
1809 3978 2067 4057 adJ‘utor
2097 3976 2229 4056 fiat,
2265 3985 2337 4042 ut
2366 3979 2560 4043 etiam

506 4083 588 4153 ad
631 4082 962 4152 consilium
996 4085 1208 4153 'antea
1263 4086 1502 4150 accitus
1568 4104 1705 4154 rem
1762 4088 2096 4155 honestam
2165 4094 2233 4153 et
2266 4089 2570 4155 decoram

580 4813 685 4852 42
934 4443 1706 4853 TA
