2909 4892
1427 569 1800 627 ...4-

568 739 735 809 sunt,
792 732 888 795 vel
927 751 1142 797 veram
1197 732 1531 796 lectionem
1593 751 1717 796 non
1766 732 2146 812 praebentes
2202 731 2642 794 emendatione

571 848 779 922 egent,
827 846 926 905 vel
957 842 1509 923 interpretationis
1544 841 1961 906 accuratioris
1994 841 2292 905 videntur
2335 840 2638 920 indigere.

573 987 650 996 —
683 951 1064 1032 Priusquam
1104 957 1317 1016 autem
1353 951 1523 1015 locos
1570 958 1880 1016 tractatos
1913 970 2286 1032 proponam,
2336 949 2639 1014 nonnulla

568 1062 647 1125 de
678 1061 881 1138 libris,
929 1080 1005 1126 ex
1038 1061 1266 1143 quibus
1299 1063 1537 1143 sumpti
1567 1068 1735 1139 sunt,
1784 1062 2198 1141 praemittere
2233 1060 2385 1124 mihi
2424 1060 2629 1136 liceat,

578 1177 668 1247 ut,
715 1172 869 1252 quid
916 1172 1190 1235 senserit
1233 1171 1618 1235 Plutarchus
1679 1171 1756 1234 de
1802 1171 2101 1248 amicitia,
2165 1187 2634 1250 cognoscamus,

775 1281 873 1345 Ex
915 1281 1184 1345 aliorum
1223 1281 1611 1361 scriptorum
1657 1279 1836 1344 libris
1876 1286 2265 1361 compertum
2309 1280 2636 1352 habemuS‚

567 1389 982 1453 Plutarchum
1030 1397 1292 1470 praeter
1337 1409 1433 1466 ea,
1481 1409 1645 1470 quae
1690 1390 2055 1454 etiamnunc
2099 1390 2425 1467 habemuS‚
2472 1385 2628 1472 περὶ

567 1494 797 1583 φιλίας
841 1499 1130 1563 libellum
1177 1498 1627 1579 composuisse,
1686 1500 1762 1563 de
1809 1518 1934 1580 quo
1980 1506 2340 1580 temporum
2402 1497 2632 1577 iniqui-

575 1614 715 1673 tate
759 1608 998 1673 factum
1045 1616 1164 1685 est,
1225 1615 1296 1674 ut
1341 1609 1478 1674 fere
1534 1608 1691 1673 nihil
1740 1610 1877 1689 Jam
1939 1615 2165 1673 exstet.
2257 1608 2422 1672 Nam
2468 1626 2632 1688 quae

576 1719 820 1783 tradita
852 1725 1003 1783 sunt
1033 1717 1398 1798 fragmenta
1430 1720 1600 1800 apud
1631 1719 1671 1783 J
1676 1737 1942 1783 oannem
1977 1718 2320 1783 Stobaeum
2348 1720 2410 1782 in
2432 1717 2630 1796 eclog.

574 1832 727 1893 tom.
786 1828 866 1892 Π.
937 1835 993 1894 7.
1045 1835 1122 1894 32
1179 1832 1357 1910 (tom.
1401 1829 1481 1895 ΙΙ.
1547 1847 1691 1909 pag.
1760 1834 1869 1892 101
1925 1830 2021 1892 ed.
2079 1828 2419 1908 Meineke)‚
2480 1828 2630 1908 quid

575 1939 655 2002 de
705 1938 990 2005 amicitia
1044 1940 1366 2003 censuerit
1422 1938 1807 2002 Plutarchus
1858 1936 2033 2001 nullo
2085 1938 2270 2001 modo
2320 1939 2625 2001 indicant.

573 2047 737 2112 Tum
784 2048 848 2111 in
897 2048 1155 2113 Stobaei
1201 2047 1515 2127 florilegio
1571 2054 1721 2112 tom.
1767 2048 1846 2111 II.
1895 2066 2039 2127 pag.
2090 2052 2209 2111 257
2274 2047 2625 2128 compluria

569 2158 870 2236 leguntur
916 2158 1215 2222 lemmate
1260 2159 1516 2237 signata
1569 2145 2005 2242 Πλουτάρχου
2049 2153 2116 2220 ἐκ
2158 2153 2275 2242 τῆς
2319 2154 2476 2240 περὶ
2519 2176 2638 2241 φι-

567 2263 729 2341 λίας.
819 2267 1116 2349 Epistula
1162 2286 1411 2348 quoque
1457 2267 1791 2332 Plutarchi
1846 2262 2004 2351 περὶ
2048 2261 2278 2351 φιλίας
2343 2266 2633 2343 affertur,

565 2395 754 2456 quam
784 2397 924 2442 mon
969 2378 1288 2443 diversam
1334 2396 1477 2443 esse
1521 2379 1601 2443 ab
1646 2378 1754 2441 illo
1801 2377 1984 2453 libro,
2033 2377 2140 2457 qui
2187 2378 2251 2440 in
2284 2377 2625 2458 Lampriae

565 2486 857 2567 catalogo
903 2488 1206 2552 laudatur
1251 2488 1370 2553 No.
1405 2489 1517 2551 82:
1564 2476 1752 2572 Πρός
1795 2476 2155 2550 Βιθυνικὸν
2198 2483 2354 2569 περὶ
2406 2480 2641 2570 φιλίας

565 2597 740 2663 Rich.
780 2597 1219 2662 Volkmannus
1251 2598 1509 2679 (Leben,
1546 2596 1864 2661 Schriften
1903 2597 2027 2661 und
2073 2596 2483 2676 Philosophie
2514 2598 2628 2660 des

565 2707 870 2771 Plutarch
933 2725 1052 2771 von
1098 2706 1486 2772 Chaeronea.
1553 2707 1770 2771 Berlin
1824 2711 2005 2773 1869.
2063 2707 2112 2771 Ι.
2158 2725 2303 2788 pag.
2360 2712 2499 2771 110.
2546 2705 2626 2770 cf.

570 2821 715 2894 106)
777 2817 1049 2897 conjicit.
1155 2817 1277 2882 Sed
1333 2835 1410 2881 ne
1472 2828 1716 2882 certum
1775 2817 2027 2897 quidem
2082 2823 2184 2880 est
2239 2834 2444 2896 neque
2497 2815 2633 2878 ullo

565 2928 751 2993 modo
797 2934 1011 3007 potest
1055 2925 1435 3002 confirmari,
1500 2946 1648 2990 uum
1694 2926 1807 2989 illa
1852 2928 2048 2991 verba
2085 2927 2235 3007 Jure
2279 2925 2631 2990 Plutarcho

564 3037 957 3102 tribuantur.
1067 3036 1229 3100 Nam
1286 3043 1581 3101 auctores
1642 3037 1751 3100 isti
1811 3042 2105 3101 notarum
2165 3055 2288 3101 non
2345 3037 2404 3100 ei
2460 3043 2634 3115 sunt,

563 3142 673 3228 qui
729 3165 1028 3227 magnam
1092 3147 1369 3211 habeant
1433 3148 1911 3224 auctoritatem,
1978 3154 2044 3211 et
2103 3149 2166 3210 in
2223 3148 2339 3212 hac
2404 3164 2477 3210 re
2551 3164 2632 3209 eo

548 3258 774 3322 minus
847 3258 1083 3322 habere
1144 3263 1432 3338 possunt,
1499 3257 1666 3337 quod
1714 3256 1989 3336 epistula
2037 3256 2147 3320 illa
2196 3253 2352 3341 περὶ
2397 3251 2635 3342 φιλίας

565 3368 709 3432 aliis
759 3367 914 3432 locis
960 3375 1073 3432 aut
1118 3367 1225 3432 alii
1273 3367 1572 3449 scriptori
1620 3367 1925 3431 tribuitur
1981 3373 2095 3430 aut
2139 3367 2311 3430 nullo
2358 3374 2629 3430 auctore

564 3480 884 3543 nominato
930 3484 1487 3542 commemoratur.
1580 3478 1704 3541 Sed
1750 3495 1891 3541 eam
1938 3496 2092 3554 rem,
2143 3496 2281 3541 cum
2317 3479 2395 3541 ad
2429 3495 2628 3558 quae-

563 3591 832 3654 stionem
890 3596 1176 3653 nostram
1236 3589 1707 3668 dijudicandam
1767 3606 1888 3652 non
1952 3586 2186 3664 valeat,
2247 3589 2310 3651 in
2372 3589 2634 3667 integro

560 3700 1017 3780 relinquamus.
1108 3699 1239 3763 Nos
1285 3699 1539 3780 quidem
1586 3701 1662 3775 si,
1708 3699 1861 3779 quid
1909 3698 2295 3762 Plutarchus
2343 3699 2420 3762 de
2469 3699 2630 3762 ami-

562 3811 714 3875 citia
773 3811 1065 3889 senserit,
1131 3810 1466 3875 enucleare
1533 3808 1839 3885 volumus,
1903 3810 1994 3872 eis
2050 3808 2233 3872 libris
2295 3813 2634 3873 contentos

560 3938 703 3986 esse
765 3926 1036 4002 oportet,
1095 3938 1254 4000 quos
1299 3921 1375 3983 de
1424 3919 1810 3997 adulatione,
1869 3919 1947 3982 de
1994 3919 2345 3984 amicorum
2411 3918 2629 3982 multi-

559 4031 799 4111 tudine,
845 4032 923 4096 de
969 4031 1249 4096 utilitate
1292 4048 1370 4095 ex
1417 4029 1687 4094 inimicis
1734 4031 2042 4110 capienda
2074 4035 2192 4095 ect.
2242 4032 2626 4111 composuit.

536 4141 868 4209 Nostrum
915 4143 1114 4223 igitur
1157 4148 1276 4221 est,
1339 4143 1703 4206 accuratius
1750 4142 2072 4222 inquirere
2117 4142 2182 4206 in
2227 4141 2344 4206 hos
2391 4140 2628 4207 libros:
