2909 4892
1177 497 1562 552 -5-..

344 662 402 738 l)
449 658 593 732 πῶς
636 682 714 722 αν
755 680 859 733 τις
903 655 1256 744 διακρίνειε
1297 647 1414 721 τόν
1444 649 1688 721 κόλακα
1729 655 1851 720 τοῦ
1875 652 2096 740 φίλου,
2144 655 2211 738 2)
2239 652 2396 739 περὶ

334 766 763 856 πολυφιλίας,
829 776 892 847 3)
937 766 1083 843 πῶς
1126 759 1203 831 ἄν
1245 789 1348 841 τις
1391 760 1503 831 ὑπ’
1547 764 1804 852 ἐχθρῶν
1847 754 2199 851 ὠφελοῖτο,
2257 764 2395 848 qui-

252 870 257 877 ’
324 884 450 948 bus
512 881 801 948 addenda
859 885 1012 945 sunt
1065 898 1270 961 pauca
1328 897 1408 943 ex
1465 879 1628 944 libro
1687 879 1766 942 de
1827 877 2117 942 fraterno
2175 892 2395 942 amore

336 991 712 1073 composito.

538 1103 749 1182 Atque
794 1100 848 1163 is
891 1100 1072 1178 liber,
1119 1119 1196 1165 ex
1226 1119 1351 1181 quo
1382 1100 1675 1178 maxime,
1721 1099 1973 1181 qualem
2007 1095 2390 1163 Plutarchus

331 1211 677 1276 amicitiam
723 1212 844 1277 sibi
888 1210 1160 1289 finxerit,
1209 1211 1492 1291 intellegi
1537 1215 1769 1292 potest,
1832 1210 1933 1274 liic
1977 1214 2094 1286 est,
2156 1207 2255 1272 cui
2298 1205 2394 1270 in-

333 1323 671 1388 scribitur:
727 1319 873 1396 πῶς
916 1311 996 1384 ἄν
1034 1343 1138 1395 τις
1182 1317 1536 1405 διακρίνειε
1575 1309 1692 1383 τόν
1731 1308 1974 1385 κόλακα
2014 1316 2134 1382 τοῦ
2174 1314 2398 1404 φίλου,

342 1441 538 1515 atque
581 1434 638 1496 is
684 1433 937 1514 quidem
985 1451 1108 1496 non
1154 1432 1357 1497 solum
1389 1431 1808 1514 amplitudine
1841 1437 1907 1500 et
1938 1429 2393 1510 magnitudine,

334 1545 445 1609 sed
489 1543 684 1609 etiam
729 1544 1192 1608 sententiarum
1251 1542 1659 1623 egregiarum
1705 1542 1887 1622 copia
1954 1540 2390 1620 gravissimus.

335 1655 513 1720 Haec
542 1659 756 1718 autem
787 1653 922 1718 fere
953 1659 1120 1731 sunt,
1157 1672 1319 1734 quae
1350 1652 1433 1716 ad
1465 1652 1811 1717 amicitiam
1844 1653 2046 1732 ipsam
2080 1657 2391 1732 spectant.

545 1763 845 1852 Adulatio
878 1782 1017 1828 cum
1043 1764 1359 1828 amicitiae
1390 1764 1663 1844 speciem
1694 1782 1851 1845 prae
1875 1781 1944 1828 se
1966 1761 2139 1827 ferre
2169 1762 2394 1843 soleat,

342 1893 421 1940 ne
465 1874 811 1940 amicorum
855 1875 993 1938 loco
1055 1874 1422 1939 adulatores
1478 1874 1863 1956 recipiamus
1923 1874 2139 1954 itaque
2198 1872 2397 1936 detri-

342 1991 623 2050 mentum
671 1985 1013 2050 maximum
1068 1985 1415 2068 capiamus,
1479 1986 1825 2050 cavendum
1872 1990 1990 2050 est.
2081 1983 2397 2062 Quamob-

337 2115 476 2161 rem
520 2097 891 2178 priusquam
951 2096 1203 2160 homine
1261 2096 1473 2178 aliquo
1532 2097 1738 2161 utaris
1784 2096 2004 2172 amicO,
2065 2095 2400 2177 explorare

336 2212 405 2271 et
441 2206 732 2288 jndicare
775 2207 987 2284 debeS,
1035 2225 1113 2271 ne
1158 2225 1302 2273 sero
1348 2207 1746 2272 adulatorem
1781 2226 1925 2272 eum
1957 2225 2098 2271 esse
2132 2206 2393 2271 sentias·

335 2317 559 2399 Neque
604 2335 755 2381 vero
800 2317 859 2381 ei
902 2317 1206 2382 laudandi
1251 2323 1421 2394 sunt,
1469 2318 1577 2398 qui
1623 2317 1969 2382 amicitiam
2017 2314 2298 2382 utilitate
2329 2322 2395 2380 et

333 2426 668 2492 honestate
713 2427 1046 2492 metientes
1093 2428 1357 2492 comiter
1403 2427 1756 2508 blandeque
1803 2427 2229 2508 appellantem
2273 2445 2396 2508 pro

331 2536 666 2602 adulatore
710 2538 947 2602 habent
992 2538 1256 2619 ideoque
1299 2536 1616 2618 rejiciunt.
1709 2537 1872 2602 Nam
1912 2537 2169 2602 minime
2214 2539 2397 2603 abest

334 2649 419 2713 ab
463 2647 744 2713 amicitia
788 2648 1073 2712 suavitas
1119 2655 1184 2712 et
1227 2649 1638 2726 desiderium,
1688 2667 1890 2730 neque
1936 2649 2000 2712 in
2046 2648 2398 2713 acerbitate

333 2765 403 2824 et
445 2759 826 2823 austeritate
872 2775 1120 2822 morum
1166 2759 1454 2838 gravitas
1502 2759 1821 2824 amicitiae
1883 2764 2156 2835 constat,
2211 2759 2401 2840 juxta

334 2888 526 2950 quam
573 2868 840 2935 Gratiae
885 2869 1068 2935 sedes
1118 2874 1469 2950 posuerunt
1513 2875 1579 2932 et
1610 2868 1871 2951 Cupid0.
1963 2868 2103 2946 Qua
2148 2887 2288 2933 cum
2333 2876 2400 2933 et

339 2980 765 3043 secundarum
811 2997 1024 3043 rerum
1074 2980 1369 3069 voluptas
1415 2987 1483 3044 et
1527 2981 1742 3060 gratia
1789 2985 2122 3059 augeatur,
2172 2980 2398 3047 adver-

333 3108 552 3155 sarum
613 3090 984 3154 minuantur
1062 3092 1314 3155 dolores
1376 3096 1442 3155 et
1506 3089 1928 3166 difficultateS,
2003 3109 2128 3153 non
2188 3091 2399 3172 inepte

333 3201 593 3265 Euenus
640 3201 892 3265 videtur
937 3201 1190 3278 dixisse,
1239 3202 1408 3265 vitae
1457 3208 1718 3266 nostrae
1767 3201 2053 3265 admixta
2096 3202 2394 3279 amicitia,

341 3317 414 3378 ut
443 3310 656 3376 omnia
685 3311 877 3388 laeta,
913 3311 1138 3388 dulcia,
1174 3318 1364 3391 grata
1394 3318 1627 3390 essent,
1662 3313 1846 3376 deum
1880 3310 2125 3375 fecisse.
2192 3312 2398 3392 Atque

337 3421 415 3486 ob
485 3438 626 3484 eam
688 3420 894 3501 ipsam
970 3439 1227 3485 causam
1298 3420 1597 3486 adulator
1663 3421 2050 3502 voluptatem
2118 3426 2400 3484 sectatus

344 3548 595 3612 semper
652 3530 921 3594 hilarem
984 3530 1346 3612 laetumque
1408 3550 1478 3596 se
1537 3533 1818 3614 praebet.
1892 3567 1966 3576 —
2033 3532 2202 3595 Laus
2245 3549 2399 3594 vero

344 3646 630 3723 tempore
690 3640 977 3705 adhibita
1021 3659 1163 3704 non·
1195 3642 1400 3705 minus
1444 3642 1626 3706 decet
1671 3641 1938 3706 amicum
2001 3660 2189 3721 quam
2237 3642 2400 3705 vitu-

338 3751 609 3831 peratio,
670 3769 811 3815 cum
859 3751 1044 3815 amici
1104 3751 1426 3816 interdum
1492 3752 1815 3817 laudantis
1859 3751 2053 3816 etiam
2099 3751 2399 3817 adhorta-

339 3862 547 3926 tiones
594 3861 900 3941 maJorem
947 3861 1072 3925 vim
1119 3861 1411 3927 habeant.

541 3970 803 4034 Initium
865 3977 1079 4036 autem
1154 3972 1475 4037 amicitiae
1550 3972 1820 4036 maxime
1879 3969 1953 4035 fit
2014 3971 2402 4053 aequalitate

335 4099 586 4148 morum
641 4085 833 4166 atque
895 4082 1277 4159 studiorum,
1341 4084 1510 4168 quod
1571 4082 1810 4148 eisdem
1857 4083 2049 4147 rebus
2097 4084 2399 4167 gaudent,
