2909 4892
1141 516 1565 574 „25-

327 681 448 744 hoc
491 685 609 757 est,
680 700 758 745 ne
804 682 1036 747 multos
1097 681 1404 747 faciamus
1449 682 1688 747 amicos
1754 700 1910 745 neve
1958 679 2177 743 multis
2221 696 2391 743 corn-

326 810 582 856 munem
629 799 694 855 et
738 793 921 872 quasi
988 793 1302 873 publicam
1365 793 1825 875 amplectamur
1891 791 2255 855 amicitiam.
2303 827 2387 838 -

329 904 701 982 Sequuntur
767 901 875 967 illa
939 904 1135 968 verba
1203 911 1532 985 corrupta,
1596 922 1757 984 quae
1822 903 1924 966 vix
1970 908 2274 983 poterunt
2318 920 2395 966 ea

335 1014 586 1095 quidem
633 1012 860 1091 forma,
908 1033 1097 1094 quam
1145 1015 1395 1100 codices
1440 1014 1770 1096 praebent,
1823 1014 2053 1078 Latino
2099 1016 2391 1077 sermone

322 1124 527 1201 reddi,
587 1124 680 1188 ita
725 1130 796 1188 ut
841 1132 994 1204 apta
1055 1126 1373 1189 sententia
1427 1125 1814 1189 enucleetur.
1906 1124 2131 1205 Itaque
2194 1124 2389 1187 inter-

326 1236 688 1316 pretatione
759 1236 984 1298 horum
1046 1237 1390 1300 verborum
1461 1237 1524 1299 in
1573 1236 1777 1299 medio
1822 1235 2046 1300 relicta
2117 1235 2391 1315 primum

326 1348 409 1412 ad
453 1348 736 1410 virorum
781 1347 1111 1410 doctorum
1181 1347 1553 1427 conjiciendi
1600 1354 1863 1410 conatus
1924 1346 2204 1411 animum
2248 1364 2392 1409 con·

341 1465 687 1522 vertamus.
757 1457 842 1520 Et
887 1457 1186 1521 Reiskius
1232 1458 1485 1539 quidem
1532 1458 1614 1522 ad
1646 1457 1813 1520 hunc
1842 1456 2046 1521 locum
2074 1438 2389 1521 adnotat:

335 1570 530 1652 „Post
574 1564 800 1654 φιλίαν
859 1573 961 1632 est
1003 1569 1251 1646 lacuna,
1310 1570 1419 1633 sed
1488 1568 1689 1632 multa
1748 1588 1871 1633 non
1917 1568 2207 1632 desunt.“
2299 1568 2397 1632 Ex

328 1700 456 1762 qua
486 1686 638 1745 nota
667 1680 953 1744 concludi
986 1686 1217 1760 potest,
1253 1679 1429 1743 illum
1465 1681 1669 1760 ipsum
1703 1681 1979 1744 codicem
2013 1679 2110 1744 vel
2146 1679 2388 1743 codices

327 1792 700 1875 inspexisse,
766 1797 836 1855 ut
880 1791 1077 1855 verba
1123 1791 1260 1871 ejus
1320 1810 1443 1855 non
1491 1791 1622 1855 sint
1664 1810 1780 1872 pro
1827 1792 2022 1856 nihilo
2078 1791 2389 1856 habenda.

330 1904 548 1985 Neque
596 1904 802 1995 minus
835 1908 1006 1966 recte
1039 1903 1292 1967 videtur
1325 1903 1403 1966 H.
1443 1902 1804 1983 Stephanus
1837 1903 2198 1975 adnotasse,
2245 1907 2393 1983 post

333 2010 620 2078 ἐναντίαν
663 2013 873 2096 aliqua
919 2014 1288 2078 desiderari.
1380 2014 1544 2078 Nam
1590 2015 1732 2096 quis
1778 2021 1895 2091 est,
1959 2014 2107 2095 quin
2156 2013 2389 2089 videat,

332 2127 441 2190 illa
487 2127 684 2191 verba
751 2144 953 2208 neque
1020 2145 1160 2189 cum
1231 2125 1667 2207 sequentibu8‚
1733 2143 1935 2206 neque
2004 2144 2143 2189 cum
2216 2130 2395 2189 ante-

334 2238 702 2301 cedentibus
747 2245 899 2318 apte
926 2255 1115 2317 posse
1147 2236 1460 2317 conjungi.
1524 2236 1613 2301 Ut
1643 2237 2026 2317 accipiamus
2052 2237 2186 2317 jam
2218 2236 2392 2298 illam

331 2349 763 2429 conjecturam
828 2343 1155 2421 εἷςιοῦσαν
1198 2367 1315 2428 pro
1363 2342 1658 2422 εἰςιοῦσα
1702 2367 1778 2412 ex
1828 2347 2149 2425 Vulcobio‚
2198 2347 2392 2411 Mezi-

331 2459 523 2532 riam,
588 2461 915 2539 Anonymo
977 2465 1297 2538 sumptam
1358 2494 1443 2505 —
1503 2459 1655 2540 quid
1721 2458 1978 2523 tandem
2045 2456 2392 2538 significari

331 2569 428 2633 his
488 2570 698 2634 verbis
762 2570 878 2633 viri
941 2570 1110 2633 docti
1172 2569 1422 2634 volunt:
1499 2558 1673 2655 πρός
1728 2565 2013 2633 ἐναντίαν
2069 2563 2396 2642 εἶςιοῦσαν

332 2680 492 2760 (scil.
540 2677 841 2765 φιλίαν)Ῥ
932 2682 1260 2759 Quodnam
1325 2682 1796 2745 substantivum
1857 2686 2089 2762 putant
2132 2680 2392 2761 conjun-

329 2791 604 2870 gendum
670 2811 811 2855 esse
876 2810 1018 2855 cnm
1084 2792 1398 2872 adjectivo
1459 2787 1788 2855 ἐναντίανῖ)
1878 2792 2163 2867 Quonam
2214 2792 2398 2855 modo

331 2901 583 2965 defendi
643 2909 857 2982 potest
923 2902 1243 2981 particula
1306 2897 1434 2979 καί,
1505 2920 1645 2965 cum
1692 2901 1923 2978 omnia,
1992 2921 2155 2983 quae
2214 2908 2392 2966 ante-

333 3013 566 3075 cedunt
627 3012 910 3075 membra
978 3030 1258 3076 connexa
1327 3013 1463 3076 sive
1521 3012 1841 3092 disjuncta
1886 3011 2015 3074 sint
2072 3012 2390 3093 particula

324 3118 535 3209 μηδέῬ
624 3123 911 3203 Denique
956 3123 1104 3203 quid
1150 3121 1314 3187 effici
1363 3123 1766 3188 arbritantur
1825 3122 1915 3185 illi
1963 3122 2281 3203 particula
2326 3112 2386 3213 ἤ,

326 3252 514 3314 quam
563 3234 642 3297 ab
690 3233 805 3296 hoc
849 3234 984 3297 loco
1029 3252 1219 3314 quam
1266 3234 1538 3297 maxime
1585 3233 1859 3297 alienam
1892 3251 2032 3297 esse
2064 3233 2385 3314 apparet?

538 3346 743 3425 Atque
788 3345 1063 3424 primum
1111 3343 1662 3423 Wyttenbachius‚
1708 3349 1781 3407 ut
1826 3344 1963 3423 ejus
2009 3343 2393 3407 sententiam

324 3454 779 3530 examinemu8‚
847 3453 1014 3518 forte
1059 3454 1393 3533 legendum
1441 3472 1583 3517 esse
1628 3454 1810 3518 dicit:
1877 3441 2050 3537 πρός
2094 3447 2205 3515 ἕνα
2246 3442 2393 3516 τινα

323 3553 492 3643 μετα
519 3562 786 3628 πολλῶν
807 3561 1051 3627 παθῶν
1072 3544 1511 3640 εἰςιοῦσαν,ὐι
1533 3569 1632 3626 est
1654 3563 1717 3626 in
1745 3562 2395 3641 Turnebo‚Vulcobi0,

335 3677 688 3756 Auonymo,
736 3675 937 3752 Quam
965 3674 1300 3739 lectionem
1324 3676 1391 3737 ,si
1414 3673 2119 3756 accipimuS‚'sententia
2148 3673 2403 3737 exsistit

322 3785 585 3849 haecce:
635 3794 728 3863 jnc
784 3784 1020 3848 multos
1079 3783 1388 3849 faciamus
1447 3784 1687 3849 amicos
1731 3801 1889 3848 neve
1935 3782 2153 3848 multis
2217 3801 2385 3847 com-

323 3914 577 3960 munem
644 3901 710 3958 et
768 3895 953 3975 quasi
1010 3895 1328 3975 publicam
1390 3894 1855 3975 amplectamur
1915 3892 2260 3958 amicitiam
2322 3900 2388 3958 et

318 4004 384 4068 in
431 4024 627 4069 unum
673 4005 990 4086 quendam
1039 4022 1181 4068 cum
1229 4004 1448 4069 multis
1512 4003 1845 4069 affectibus
1890 4003 2370 4083 ingredientem.

320 4116 773 4203 Unusquisque
819 4123 1037 4183 autem
1083 4118 1277 4195 videt,
1339 4117 1502 4186 hanc
1561 4116 1894 4186 lectionem
1942 4132 2020 4185 ea
2064 4114 2142 4188 de
2187 4132 2379 4187 causa
