2909 4892
1365 513 1785 571 ..23-

561 677 768 754 Plato,
815 677 1156 757 veritatem
1215 683 1282 741 et
1323 678 1459 741 deis
1504 685 1571 741 et
1613 677 1975 741 hominibus
2029 694 2173 739 esse
2224 675 2608 756 principium

553 789 833 851 omnium
874 788 1202 864 bonorum,
1237 786 1374 851 fieri
1409 807 1529 852 non
1563 793 1794 868 potest,
1831 788 1980 868 quin
2017 787 2314 850 adulator
2345 787 2607 848 deorum

559 898 646 961 sit
688 898 1002 974 inimicuS,
1065 906 1213 962 ante
1272 919 1491 963 omnes
1553 899 1885 980 Apollinis.
1977 899 2140 962 Nam
2206 915 2455 977 semper
2501 896 2610 959 ille

555 1010 789 1086 obstat,
837 1010 1174 1090 quominus
1220 1011 1362 1090 quis
1409 1029 1477 1074 se
1523 1011 1729 1090 ipsum
1778 1016 2019 1087 noscat,
2067 1029 2142 1072 eo
2184 1010 2350 1090 quod
2385 1027 2611 1072 unum—

561 1139 873 1200 quemque
928 1122 1006 1184 de
1067 1139 1135 1184 se
1196 1122 1334 1201 ipso
1403 1121 1573 1186 fallit
1630 1121 2217 1201 et·ign0rationem
2290 1121 2347 1183 ei
2408 1118 2617 1182 induit

534 1233 652 1307 *sui
700 1232 899 1311 ipsius
945 1239 1016 1295 et·
1053 1233 1361 1296 bonorum
1409 1240 1477 1297 et
1522 1234 1857 1305 malorum,
1905 1233 2013 1313 qui
2058 1233 2115 1295 ei
2149 1233 2402 1308 adsunt,
2452 1231 2612 1294 haec

557 1360 781 1404 manca
826 1349 891 1404 et
935 1343 1327 1423 imperfecta,
1376 1344 1485 1407 illa
1530 1344 1912 1408 insanabilia
1958 1343 2289 1407 reddenS.“

763 1453 833 1515 l'n
885 1471 958 1517 eo
1006 1454 1204 1532 igitur
1249 1456 1605 1534 enunciato,
1654 1456 1821 1537 quod
1869 1473 2070 1536 supra
2116 1453 2390 1529 laudavi,
2439 1471 2611 1516 com-

558 1563 770 1643 pluria
816 1571 982 1640 sunt,
1031 1584 1196 1645 quae
1242 1566 1396 1629 viris
1441 1566 1643 1630 doctis
1690 1565 2098 1654 offensionem
2145 1566 2605 1645 praebuerunt.

555 1674 838 1743 Primum
888 1677 1053 1739 enim
1101 1677 1160 1739 in
1197 1677 1626 1758 compluribus
1667 1677 1851 1741 libris
1884 1683 2032 1758 post
2062 1677 2323 1740 verbum
2358 1664 2612 1758 ἑκάστῳ

553 1784 792 1863 legitur
857 1782 984 1862 καί,
1047 1788 1213 1867 quod
1283 1788 1363 1851 ab
1430 1788 1548 1851 hoc
1611 1788 1745 1850 loco
1808 1787 2050 1862 abesse,
2117 1788 2221 1850 vix
2284 1796 2384 1850 est
2444 1787 2610 1866 quod

559 1914 868 1962 moneam.
961 1898 1123 1962 Tum
1159 1934 1234 1944 —-
1285 1898 1571 1962 nonnulli
1618 1898 1862 1962 codices
1907 1898 2218 1979 praebent
2259 1886 2345 1960 ῑεοέ
2386 1885 2616 1980 οἷγαθοῖ

555 2006 660 2071 καὶ
707 1997 791 2071 τοὶ
820 1999 984 2072 κακοὶ
1015 2015 1161 2089 post
1189 2006 1412 2080 κακῶν.
1505 2009 1680 2087 Quae
1712 2011 1906 2074 verba
1940 2015 2266 2098 tamquam
2299 2009 2610 2074 emblema

558 2120 690 2201 jam
738 2139 777 2183 a
823 2119 1308 2200 Wyttenbachio
1355 2128 1528 2185 recte
1574 2127 1723 2184 sunt
1768 2121 2023 2202 rejecta.
2117 2120 2236 2199 Qui
2298 2121 2491 2184 etiam
2537 2120 2617 2183 de

557 2233 830 2295 veritate
875 2231 1162 2296 lectionis
1223 2229 1491 2318 ἐλλειπῆ
1556 2239 1622 2296 et
1666 2228 1898 2316 ἐλλιπῆ
1959 2241 2132 2296 recte
2189 2233 2617 2314 disputavisse

560 2343 831 2406 videtur.
927 2343 1050 2407 Sed
1111 2344 1265 2407 haec
1342 2344 1553 2407 omnia
1623 2345 1819 2407 missa
1883 2343 2212 2408 faciamus,
2307 2344 2613 2424 Equidem

561 2454 639 2517 de
671 2455 882 2518 verbis
929 2451 1162 2518 ἑαυτοῦ
1206 2452 1332 2531 καί,
1368 2474 1530 2537 quae
1561 2455 1865 2534 leguntur
1897 2460 2045 2535 post
2074 2444 2357 2536 ἄγνοιαν,
2390 2455 2614 2531 dicam,

560 2584 723 2646 quae
769 2565 973 2630 locum
1020 2586 1205 2630 suum
1251 2585 1374 2630 non
1438 2567 1694 2641 habere,
1762 2566 1870 2630 sed
1918 2566 2130 2646 aliquo
2179 2567 2362 2629 modo
2419 2566 2616 2629 inter-

559 2677 774 2758 posita
796 2695 936 2740 esse
968 2678 1277 2741 contendo
1309 2680 1374 2740 et
1399 2678 1817 2756 comprobare
1849 2676 2139 2741 studebo.
2232 2676 2616 2740 Plutarchus

563 2788 679 2851 hoc
727 2789 860 2852 loco
905 2788 1075 2863 dicit,
1139 2787 1276 2852 fieri
1338 2806 1457 2852 non
1518 2806 1724 2868 posse,
1786 2788 1935 2868 quin
1985 2787 2279 2851 adulator
2333 2786 2615 2859 deorum,

562 2898 873 2980 imprimis
921 2898 1252 2979 ApolliniS‚
1300 2899 1387 2962 sit
1416 2899 1708 2962 inimicus
1755 2903 2119 2979 propterea,
2163 2898 2329 2977 quod
2364 2916 2619 2977 semper

562 3012 893 3090 impugnet
958 3028 1207 3073 vocem:
1285 3006 1515 3073 Γνῶθι
1573 2997 1830 3084 σαυτόν,
1906 3028 1979 3072 eo
2035 3009 2201 3089 quod
2278 3008 2615 3088 unicuique

564 3139 846 3184 errorem
893 3121 970 3184 de
1016 3139 1133 3184 sua
1164 3121 1367 3201 ipsius
1414 3127 1650 3184 natura
1695 3118 1901 3195 affert,
1950 3120 2013 3182 id
2046 3126 2163 3196 est,
2210 3119 2377 3200 quod
2409 3117 2617 3198 efficit,

562 3239 635 3294 ut
692 3231 977 3296 homines
1046 3230 1272 3295 falsam
1347 3250 1500 3294 suae
1568 3231 1851 3310 ipsorum
1922 3237 2193 3293 naturae
2260 3230 2616 3310 opinionem

563 3343 876 3407 habeant:
965 3331 1221 3427 ἀπάτην
1289 3331 1541 3422 ἑκάστῳ
1603 3330 1775 3423 πρός
1854 3330 2086 3404 ἑαυτὸν
2151 3338 2448 3419 ἐμποιῶν
2513 3338 2618 3404 καὶ

567 3445 831 3537 ἄγνοιαν
879 3450 1113 3517 ἑαυτοῦ
1157 3449 1265 3515 καὶ
1308 3450 1438 3514 τῶν
1480 3440 1652 3534 πρός
1697 3438 1896 3513 αὐτόν
1938 3439 2210 3533 ἀγαθῶν
2245 3450 2354 3514 καὶ
2397 3450 2622 3516 κακῶν.

569 3566 725 3642 Quis
770 3574 887 3630 est.
919 3565 1086 3645 'quin
1137 3563 1460 3636 concedat,
1508 3561 1962 3636 verbositatem
2013 3563 2219 3626 inesse
2263 3561 2362 3626 his
2409 3563 2622 3627 verbis

560 3675 1097 3740 molestissimam.
1191 3672 1575 3752 Tautologia
1637 3678 1871 3747 autem,
1919 3690 2085 3752 quae
2129 3674 2378 3746 dicitur,
2437 3692 2618 3753 repe·
2666 3693 2675 3699 ·

565 3788 730 3849 fitur
793 3785 962 3848 inter
1023 3783 1221 3847 verba
1279 3778 1517 3846 ἑαυτοῦ
1572 3787 1638 3845 et
1682 3799 1846 3862 quae
1893 3792 2249 3862 sequuntur
2290 3780 2419 3845 τῶν
2463 3780 2616 3867 περὶ

569 3884 764 3960 αὐτόν
824 3882 1097 3978 ἀγαθῶν
1159 3891 1268 3957 καὶ
1332 3894 1558 3961 κακῶν.
1650 3895 1925 3976 Propter
1995 3916 2071 3960 ea
2130 3913 2399 3976 quoque,
2461 3912 2623 3974 quae

569 4012 940 4088 sequuntur,
975 4007 1191 4083 verba,
1225 4007 1302 4070 de
1332 4007 1565 4088 quibus
1598 4009 1869 4087 agimus,
1902 4008 2110 4072 minus
2144 4011 2297 4087 apta
2327 4005 2625 4068 videntur

569 4136 727 4184 esse.
789 4117 950 4185 Nam
986 4119 1105 4182 sub
1136 4117 1324 4185 finem
1359 4117 1551 4201 huJus
1582 4117 1900 4183 enuntiati
1932 4116 2315 4182 Plutarchus
2347 4114 2626 4197 exponit,
