2909 4892
1095 508 1512 570 ..37-

234 676 503 743 -verbis
569 677 847 760 scriptor
912 696 1070 744 usus
1115 676 1220 753 sit,
1282 676 1490 741 minus
1549 682 1732 759 patet
1783 681 1851 741 et
1893 675 1971 740 de
2015 694 2092 740 ea
2152 692 2345 756 quae-

270 788 498 858 stione
541 789 662 854 viri
708 789 877 855 docti
922 786 1325 855 dissentiunt.
1414 787 1501 852 Et
1541 786 1817 870 primum
1862 786 2116 869 quidem
2162 785 2345 850 Reis-

269 899 435 963 kius
478 906 627 980 post
671 900 933 964 verbum
981 894 1343 986 φερομένην
1387 898 1608 962 deesse
1653 896 2034 962 infinitivum
2081 903 2146 961 et
2175 896 2342 961 idem

268 1011 578 1089 agnoscit
622 1016 816 1093 atque
861 1010 1159 1092 supplere
1207 1008 1343 1072 vult
1400 1013 1517 1074 aut
1560 996 1957 1093 ἀντερείδειν
2016 1014 2129 1072 aut
2189 995 2341 1071 ἅνα-

270 1107 548 1203 κρούειν
590 1127 704 1186 aut
746 1117 1150 1202 ἐμποδίζειν,
1182 1120 1295 1184 -vel
1350 1119 1557 1185 simile
1616 1120 1830 1202 quid.'
1876 1119 2068 1183 Certe
2127 1136 2343 1194 conce-

274 1232 564 1296 dendum
627 1238 728 1298 est
771 1233 1154 1298 sententiam
1211 1251 1291 1296 ea
1335 1230 1587 1296 ratione
1649 1214 1920 1295 evadere
1977 1229 2233 1312 planam
2278 1236 2346 1292 et

273 1360 412 1408 non
472 1342 766 1423 alienam,
828 1348 1113 1409 attamen
1173 1362 1298 1407 non
1361 1342 1564 1406 solum
1634 1342 1697 1405 in
1768 1360 1846 1406 ea
1904 1359 1975 1406 re
2045 1340 2341 1405 mendum

275 1453 479 1534 buJus
525 1454 645 1518 loci
691 1454 900 1521 latere
941 1454 1394 1533 contenderim,
1456 1454 1569 1519 sed
1614 1453 1808 1519 etiam
1853 1452 2016 1517 alias
2075 1450 2346 1517 difficul-

277 1570 458 1630 tates
520 1565 585 1629 in
651 1573 954 1647 promptu
1022 1583 1182 1642 esse,
1249 1583 1414 1647 quae
1480 1564 1726 1629 Reiskii
1790 1564 2158 1646 conjectura
2221 1579 2346 1629 non

281 1676 626 1743 tolluntur.
717 1677 929 1758 Atque
988 1676 1156 1758 quod
1204 1675 1554 1740 Huttenius
1612 1676 1675 1740 in
1721 1675 2000 1740 editione
2059 1680 2346 1754 annotat,

281 1788 640 1869 Krigerum
702 1806 739 1851 e
804 1787 1242 1869 superioribus
1314 1785 1732 1868 repetendum
1817 1805 1959 1852 esse
2036 1786 2349 1869 suspicari

284 1892 638 1984 ἐιςκροῦσαι
683 1890 885 1986 δεήσῃ
937 1917 1062 1963 non
1109 1899 1314 1979 magis
1344 1899 1743 1980 probandum
1775 1898 2047 1977 videtur,
2080 1903 2349 1978 propter

290 2010 787 2077 concinnitatem
832 2011 1034 2076 totius
1078 2009 1412 2078 enuntiati.
1502 2008 2028 2092 Wyttenbachius
2082 2008 2355 2092 denique

234 2205 246 2212 α
284 2123 351 2188 in
413 2123 696 2188 editione
762 2122 923 2186 duas
968 2122 1189 2188 attulit
1232 2122 1653 2204 conjecturae,
1695 2121 1949 2205 'quibus
1996 2122 2233 2188 mederi
2282 2140 2351 2186 se

282 2255 475 2315 posse
520 2236 661 2298 loco
705 2233 1050 2298 existimat.
1142 2233 1428 2312 Quarum
1478 2232 1686 2298 altera
1730 2234 1887 2298 baec
1916 2239 2044 2298 est:
2093 2223 2132 2320 ἢ
2175 2222 2350 2319 πρός

250 2334 500 2433 -ὁρμήν
564 2367 712 2409 τινα
785 2340 1010 2427 βίαιον
1082 2339 1334 2424 ἰταμῶς
1405 2341 1799 2431 φερομένοις
1865 2341 2352 2422 ἐναντιοῦσθαι,

285 2458 537 2526 altera:
566 2452 809 2539 βίαιον
851 2450 1175 2522 ἵστασθαι
1219 2452 1292 2536 ἐξ
1333 2451 1622 2530 ἐναντίας
1666 2452 2076 2542 φερομένοις.
2170 2458 2257 2521 At
2287 2456 2352 2523 in

287 2568 952 2635 animadversionibus
997 2567 1078 2633 ad
1114 2567 1279 2632 bunc
1310 2567 1518 2633 locum
1563 2563 1947 2648 ἱσταμένους
1991 2574 2165 2634 certe
2211 2588 2348 2633 mu«-

288 2681 554 2745 tandum
610 2698 751 2744 esse
807 2680 874 2744 in
926 2667 1253 2744 ἵστασθαι
1300 2686 1539 2760 censet,
1600 2680 1695 2744 ita
1740 2686 1813 2745 nt
1853 2669 2349 2762 interpretetur:

282 2798 351 2857 et
395 2793 708 2858 adversus
756 2790 1071 2872 quendam
1117 2807 1338 2856 eorum
1381 2790 1716 2873 impetum,
1760 2810 1904 2858 cnm
1951 2791 2353 2858 vehementia

286 2908 585 2969 ruentem
632 2906 857 2968 contra
901 2900 1234 2966 obsistere.

496 3014 621 3079 Sed
666 3011 980 3093 imprimis
1036 3011 1501 3093 respiciendam
1561 3029 1703 3077 esse
1766 3011 2052 3079 arbitror
2096 3013 2348 3080 concin-

288 3124 559 3190 nitatem
619 3122 954 3200 orationis,
1014 3142 1178 3206 qnae
1237 3142 1382 3190 cum
1445 3121 1746 3188 facillime
1806 3121 1946 3188 fieri
1989 3124 2215 3206 possit,
2274 3143 2352 3190 ea

288 3235 578 3313 lectione,
626 3253 817 3315 quam
866 3234 1394 3316 wyttenbachius
1438 3233 1706 3316 profert,
1742 3234 1998 3300 minime
2030 3240 2347 3301 servatur.

288 3347 453 3411 Sunt
518 3346 773 3427 quidem
845 3345 973 3409 tria
1030 3346 1317 3410 membra
1388 3344 1723 3425 enuntiati,
1789 3365 2058 3429 quorum
2125 3366 2350 3411 unum-

285 3457 582 3538 quodque
627 3455 1036 3537 participium
1083 3464 1150 3521 et
1193 3454 1576 3520 infinitivum
1624 3456 1923 3533 continet,
1967 3457 2061 3521 ita
2091 3456 2349 3521 utillud

288 3567 455 3631 hunc
486 3567 847 3648 praecedat.
940 3566 1366 3644 Quamobrem
1397 3560 1783 3646 ἱσταμένους
1816 3585 1940 3631 non
1973 3566 2349 3652 mutandum

287 3696 429 3741 esse
506 3680 685 3758 puto,
753 3677 1136 3757 praesertim
1204 3661 1376 3742 cum=
1413 3695 1490 3740 ea
1564 3695 1813 3758 quoque
1887 3676 2350 3759 significatione

283 3787 456 3852 haud
522 3805 675 3851 raro
734 3787 901 3868 apud
971 3786 1318 3869 scriptores
1386 3786 1770 3869 reperiatur,
1838 3792 1914 3851 ut
1978 3787 2097 3852 sit:
2161 3788 2346 3853 vehe-

284 3904 566 3963 mentem
639 3897 956 3979 quendam
1030 3896 1338 3978 impetum
1414 3897 1692 3976 sectari;
1771 3897 1964 3962 etiam
2038 3897 2348 3964 Hercberi

282 4008 706 4075 mutationem
765 4008 830 4073 in
873 4003 1403 4089 μεθισταμένους
1448 4006 1686 4087 factam
1742 4007 1826 4074 ob
1884 4027 2027 4075 eam
2085 4027 2345 4075 causam

282 4120 712 4186 necessariam
757 4139 884 4187 non
927 4117 1128 4187 fuisse
1172 4118 1503 4188 contendo.
