2909 4892
1401 503 1823 564 ...10-

586 665 781 730 micus
827 672 1039 731 autem
1084 671 1430 749 propterea
1475 670 1556 736 ad
1601 687 1820 736 omnes
1874 675 2131 738 nostras
2187 688 2294 738 res
2351 669 2635 736 animum

585 777 933 855 attendere,
1002 784 1074 841 ut
1137 779 1604 860 objurgationis
1669 785 1737 844 et
1798 778 2310 860 reprehensionis
2375 797 2633 844 causam

581 887 729 951 inde
774 895 1046 954 sumant.
1140 890 1348 969 Atque
1392 908 1533 954 cum
1579 889 1897 957 amicitiae
1940 909 2061 955 vox
2105 890 2315 956 tenuis
2367 889 2503 970 jam
2549 889 2676 952 sit·

583 998 647 1062 in
694 998 895 1063 libera
939 999 1431 1080 reprehensione
1477 999 1854 1075 adhibenda,
1913 1006 1987 1064 ut
2030 1018 2253 1066 verum
2309 999 2389 1064 de
2449 998 2632 1066 nobis

585 1110 939 1181 audiamus,
996 1111 1075 1173 ad
1132 1109 1418 1174 inimicos
1479 1109 1966 1190 confugiendum
2012 1117 2116 1176 est-
2166 1112 2337 1191 (pag.
2384 1115 2465 1175 89
2512 1109 2632 1190 R).

791 1220 1112 1285 Nonnulla
1155 1221 1423 1302 denique
1470 1239 1545 1283 ex
1592 1239 1666 1285 eo
1712 1219 1946 1298 libello,
1990 1239 2175 1302 quem
2222 1221 2299 1286 de
2342 1219 2630 1287 fraterno

587 1348 805 1394 amore
836 1330 1223 1395 Plutarchus
1255 1331 1629 1412 composuit,
1662 1331 1852 1396 liceat
1881 1331 2134 1398 addere.
2226 1332 2349 1409 Qui
2379 1331 2633 1412 quidem

583 1438 851 1505 fratrem
901 1442 1102 1506 multo
1147 1441 1352 1521 pluris
1397 1442 1700 1506 aestimat
1742 1460 1934 1524 quam
1978 1442 2272 1517 amicum,
2333 1460 2476 1506 cum
2522 1459 2634 1506 na-

585 1556 735 1614 tura
796 1551 1093 1630 instituta
1160 1552 1248 1617 sit
1319 1549 1598 1616 fratrum
1665 1552 2055 1620 consuetudo
2110 1549 2634 1629 familiarissima,

585 1659 682 1726 ita
740 1668 811 1726 ut
871 1680 1034 1739 eum,
1094 1664 1202 1743 qui
1247 1681 1364 1743 pro
1408 1661 1616 1727 fratre
1674 1663 1947 1728 amicum
1992 1663 2114 1728 sibi
2155 1663 2465 1730 conciliet,
2512 1680 2637 1727 non

585 1771 758 1835 aliud
805 1771 1016 1838 facere
1061 1773 1251 1849 dicat,
1299 1778 1495 1854 atque
1539 1774 1593 1836 si
1638 1774 1783 1855 quis
1826 1774 2154 1855 proprium
2213 1773 2436 1854 pedem
2497 1773 2635 1856 ipse

589 1883 862 1948 evellens
911 1889 1132 1948 utatur
1177 1883 1404 1964 ligneo.
1498 1884 1724 1967 Itaque
1768 1885 1875 1967 qui
1921 1903 2060 1950 eam
2106 1885 2171 1948 in
2201 1884 2442 1949 fratres
2473 1884 2633 1948 ami-

584 1995 797 2058 citiam
864 2012 984 2057 non
1043 1995 1233 2071 colat,
1298 1995 1354 2059 ei
1417 2013 1496 2059 ne
1557 2001 1691 2059 tum
1757 1996 2009 2078 quidem
2078 1995 2431 2061 habendam
2492 2012 2639 2059 esse

583 2104 790 2179 fidem,
838 2125 978 2171 cum
1026 2107 1086 2169 in
1135 2106 1294 2170 alios
1339 2125 1408 2170 se
1453 2106 1824 2173 benevolum
1870 2125 2011 2172 esse
2050 2107 2252 2189 Jactet
2294 2113 2362 2171 et
2392 2106 2637 2171 socium

583 2216 1151 2282 familiarissimum
1183 2216 1465 2298 appellet
1493 2217 1782 2282 fratrem.
1830 2220 2191 2283 Occurrunt
2221 2218 2284 2282 in
2315 2216 2436 2281 hoc
2470 2215 2637 2284 libro

584 2328 774 2391 etiam
823 2326 987 2391 tales
1032 2326 1409 2403 sententiae,
1465 2344 1626 2407 quas
1664 2327 1798 2407 jam
1851 2328 1915 2394 in
1955 2327 2105 2392 aliis
2150 2327 2456 2408 legimus3
2517 2327 2639 2390 im-

585 2438 810 2517 primis
872 2437 1106 2503 amicos
1168 2455 1530 2502 communes
1589 2456 1731 2501 esse
1790 2444 2087 2518 oportere
2148 2439 2315 2502 inter
2375 2436 2638 2514 amicos„

590 2547 734 2613 alia.
824 2548 896 2612 Id
944 2567 1093 2612 vero
1140 2548 1411 2613 maxime
1453 2549 1770 2628 agendum
1803 2568 1945 2613 esse
1975 2555 2193 2614 censet
2221 2547 2633 2625 Plutarchus»,

591 2665 663 2722 ut
705 2657 977 2723 fratrem
1022 2675 1272 2740 semper
1302 2664 1770 2737 anteponamus
1800 2660 2003 2724 amico
2032 2660 2096 2725 in
2129 2658 2640 2740 magistratibuS,

582 2768 1084 2847 invitationibuS,
1145 2767 1308 2845 alim,
1373 2767 1626 2832 etiamsi
1689 2770 1831 2850 pari
1890 2789 2046 2851 erga
2101 2770 2376 2835 amicum
2439 2767 2641 2832 simus

584 2879 1044 2944 benevolentia.

795 2990 1082 3055 Aliorum
1129 2995 1341 3053 autem
1390 2989 1797 3070 scriptorum,
1842 2989 1951 3071 qui
1995 2989 2075 3053 de
2118 2988 2400 3055 amicitia
2439 2988 2642 3070 scrip-

586 3104 826 3173 serunt,
889 3099 1282 3164 Graecorum
1341 3100 1760 3179 gravissimus
1805 3106 1873 3165 et
1916 3117 2199 3163 summus
2258 3097 2644 3164 Aristoteles

587 3216 707 3285 est,
753 3210 976 3274 Cicero
1020 3210 1474 3281 Romanorum,
1519 3227 1790 3290 quorum
1845 3208 2043 3275 libros
2093 3209 2175 3274 ad
2227 3207 2646 3274 illustrandas

586 3319 935 3394 Plutarchi,
983 3338 1143 3401 quas
1189 3320 1374 3384 modo
1422 3320 1852 3400 cognovimuS,
1901 3319 2253 3383 sententias
2300 3335 2426 3382 non
2456 3333 2644 3398 pror-

588 3449 697 3495 sus
729 3430 1153 3510 neglegendos
1183 3447 1324 3494 esse
1357 3429 1594 3494 censui.
1687 3428 1845 3493 Cum
1891 3446 2043 3492 vero
2084 3436 2389 3493 accurata
2417 3444 2643 3492 eorum

587 3559 726 3605 cum
803 3538 1148 3604 Plutarcho
1227 3539 1620 3620 comparatio
1695 3557 1798 3603 res
1873 3540 2165 3604 videatur
2231 3536 2645 3618 perdifficilis,

587 3650 885 3731 quoniam
931 3649 1119 3731 hujus
1179 3650 1258 3714 de
1302 3649 1587 3715 amicitia
1643 3648 1876 3713 librum
1937 3667 2060 3714 non
2112 3649 2250 3730 ‚iam
2314 3648 2647 3726 habemuS,

592 3760 1039 3824 similitudines
1120 3760 1433 3842 quasdam
1518 3760 1883 3826 examinare
1968 3764 2037 3825 ct
2107 3757 2400 3840 proferre
2482 3758 2646 3824 satis

587 3871 809 3936 habeo.

799 3980 1008 4060 Atque
1053 3981 1435 4046 Aristoteles
1482 3980 1547 4045 in
1592 3978 1876 4043 Ethicor.
1926 3977 2399 4044 Nicomacheor.
2459 3975 2645 4042 libris

592 4089 743 4155 VIII
782 4097 853 4160 ,et
894 4088 1007 4170 IX,
1054 4090 1275 4156 Cicero
1320 4092 1386 4155 in
1430 4109 1509 4159 eo
1552 4090 1719 4157 libro
1763 4089 2074 4157 tractavit
2114 4087 2482 4164 amicitiam,
2544 4089 2650 4154 cui

1278 4459 2004 4861 „A
