2909 4892
1070 528 1493 591 -29-

244 711 521 775 quonam
564 695 751 759 modo
795 685 1063 778 ἄγνοιαν
1106 696 1467 761 hominibus
1513 698 1759 761 inserat
1818 696 2138 773 adulator,
2196 696 2309 760 sed
2373 704 2378 708 ’

247 804 452 869 solum
513 806 591 870 de
644 824 721 870 ea
789 824 861 870 re
924 807 1096 883 dicit,
1163 807 1330 887 quod
1396 806 1502 871 ille
1557 807 2021 887 ignorationem
2077 804 2315 871 efficiat

256 916 571 981 bonorum
617 924 679 981 et
729 917 1063 1002 malorum,
1111 937 1273 998 quae
1307 918 1368 983 in
1401 936 1478 982 eo
1509 919 1745 982 insunt.
1837 917 2076 995 Quodsi
2109 918 2308 998 igitur

251 1028 448 1093 verba
477 1023 711 1091 ἑαυτοῦ
739 1024 849 1091 καί
881 1046 1308 1106 servaremuS,
1356 1029 1747 1092 concinnitas
1781 1028 2112 1108 orationiS,
2146 1047 2312 1109 quae

254 1138 510 1215 dicitur,
559 1140 849 1219 neglecta
877 1147 1066 1204 esset.
1159 1140 1420 1203 Accedit
1449 1142 1643 1204 etiam
1676 1140 1811 1215 hoc,
1843 1141 2013 1220 quod
2047 1141 2108 1203 in
2142 1141 2311 1203 codi-

249 1249 432 1312 cibus
482 1251 760 1315 varietas
806 1250 1099 1314 lectionis
1143 1256 1374 1327 exstat,
1422 1270 1500 1314 ex
1543 1269 1670 1331 qua
1714 1252 2136 1329 cognoscitur,
2185 1268 2312 1314 non

252 1359 511 1438 integra
578 1360 734 1424 haec
800 1361 994 1424 verba
1057 1362 1118 1424 in
1165 1361 1485 1425 codicibus
1545 1362 1812 1425 servari.
1900 1361 2086 1424 Multi
2146 1361 2312 1425 enim

253 1470 525 1548 codices,
575 1472 744 1535 inter
774 1489 933 1553 quos
964 1472 1159 1535 etiam
1193 1472 1473 1552 optimus
1504 1471 1699 1534 codex
1730 1453 2111 1536 Parisiensis
2154 1476 2266 1535 167
2275 1477 2311 1535 2

256 1585 328 1644 et
383 1582 742 1663 complures
801 1582 1114 1647 editiones
1173 1583 1486 1662 praebent
1543 1576 1771 1664 ἑαυτῷ,
1829 1583 1996 1663 quod
2063 1583 2316 1662 quidem

219 1689 415 1755 ‘ferri
462 1709 585 1756 non
616 1711 803 1772 posse
835 1699 1123 1773 apparet.
1217 1694 1284 1757 Si
1315 1694 1483 1757 enim
1515 1693 1769 1757 dativus
1816 1693 2315 1771 desideraretur,

256 1820 379 1883 pro
424 1799 632 1885 ἑαυτῷ
680 1839 756 1851 -
806 1792 984 1886 αὐτῷ
1031 1804 1433 1868 scribendum
1482 1810 1685 1879 esset;
1752 1805 1864 1868 sed
1908 1803 2122 1885 paullo
2168 1814 2319 1868 ante

258 1911 500 1991 legitur
544 1901 816 1997 ἑκάστῳ,
861 1916 1032 1996 quod
1077 1914 1374 1978 facillime
1423 1915 1539 1978 hoc
1602 1915 1738 1979 loco
1784 1916 2121 1994 cogitando
2167 1933 2317 1995 sup-

261 2023 425 2102 pleri
496 2032 735 2104 potest.
834 2026 1065 2089 Restat
1138 2026 1413 2105 denique
1486 2034 1559 2088 ut
1636 2043 1966 2104 exponam,
2042 2043 2318 2104 quanam

263 2135 517 2198 ratione
549 2154 838 2200 censeam
871 2137 983 2201 illa
1014 2137 1211 2200 verba
1243 2139 1305 2200 in
1341 2145 1606 2215 textum,
1652 2138 1761 2217 qui
1794 2144 2081 2213 vocatur,
2114 2138 2323 2217 irrep-

267 2245 452 2309 sisse.
544 2246 691 2311 Mea
734 2248 988 2327 quidem
1034 2249 1353 2312 sententia
1398 2248 1517 2312 hoc
1545 2246 1845 2313 facillime
1875 2245 2014 2312 fieri
2044 2257 2321 2328 poterat,

270 2372 412 2418 cum
458 2358 742 2437 proxime
789 2358 1194 2423 antecederet
1237 2347 1467 2422 ἑαυτὸν
1512 2365 1579 2422 et
1621 2359 1875 2424 omnino
1919 2360 2175 2439 saepius
2209 2359 2325 2422 hoc

271 2466 407 2531 loco
451 2468 894 2533 invenirentur
938 2468 1174 2532 similia
1220 2471 1446 2533 verba:
1495 2457 1752 2545 σαυτόν,
1797 2457 2047 2545 ἑαυτόν,
2105 2459 2325 2536 αὐτόν.

273 2580 487 2656 Atque
522 2579 782 2642 verbum
813 2574 922 2641 καί
951 2579 1135 2644 facile
1178 2580 1519 2660 interponi,
1565 2582 1627 2642 in
1658 2579 1778 2643 hoc
1811 2582 1949 2661 ipso
1993 2580 2329 2644 enuncIato

264 2686 401 2766 jam
449 2688 740 2753 vidimus.

1090 2820 1234 2882 pag.
1287 2808 1384 2865 51.
1434 2802 1510 2866 D.

460 2900 639 2974 Ἔστι
681 2907 797 2990 μὲν
842 2898 954 2974 οὖν
997 2901 1113 2975 dio?
1156 2909 1362 2975 ταῦτα
1415 2900 1844 2996 δυςφώρατος
1886 2900 2071 2997 ἇνήρ,
2102 2903 2331 2998 ὥσπερ

271 3019 401 3084 τῶν
446 3018 698 3107 θηρίων
744 3014 872 3086 ὅσα
914 3012 1257 3108 πεφυκότα
1297 3013 1413 3109 τήν
1456 3012 1661 3109 χρόαν
1700 3020 2094 3108 τρέπεσθαι,
2140 3042 2331 3086 συνα-

274 3131 682 3216 φομοιοῦται
724 3136 866 3207 τοῖς
909 3125 1366 3213 ὑποκειμένοις
1409 3122 1699 3220 ὗλήμασι
1740 3131 1850 3197 καὶ
1892 3130 2182 3220 χωρίοις.

484 3244 870 3309 Plutarchus
917 3246 980 3308 in
1028 3246 1443 3310 describendo
1488 3245 1822 3310 adulatore
1880 3264 2021 3309 curn
2082 3246 2332 3327 polypis

280 3372 423 3420 eum
471 3364 819 3436 comparat.
910 3356 1084 3434 Quos
1147 3363 1278 3421 tam
1351 3356 1764 3420 versicolores
1832 3374 1972 3419 esse
2018 3356 2190 3435 dicit,
2260 3363 2331 3420 ut

279 3467 542 3547 proprio
597 3467 850 3547 quidem
913 3468 1127 3531 colore
1181 3475 1441 3547 egentes
1498 3466 1774 3530 aliarum
1819 3485 2057 3543 rerum,
2101 3469 2332 3548 quibus

284 3578 579 3654 insident,
628 3577 900 3642 colorem
947 3587 1222 3643 sumant.
1293 3577 1726 3641 conferantur
1758 3578 2145 3658 Theognidis
2191 3595 2333 3643 ver-

229 3719 245 3729 ·
280 3707 411 3765 sue,
458 3706 617 3768 qnos
663 3688 1046 3753 Plutarchus
1091 3707 1238 3770 pag.
1286 3693 1366 3751 96
1417 3689 1484 3751 F.
1532 3688 1786 3752 attulit:

367 3788 798 3874 πουλύποδος
839 3789 991 3862 νόον
1034 3798 1177 3878 ἰ’σχε
1218 3787 1663 3883 πολύφρονος,
1709 3789 1786 3872 ὅς
1827 3797 1987 3862 ποτὶ
2030 3795 2254 3886 πέτρῃ,

482 3995 487 4000 .
537 3909 613 3997 τῇ
659 3932 788 3997 περ
835 3901 1137 3996 ὁμιλήσῃ,
1176 3913 1360 3984 τοῖος
1401 3904 1567 3973 ἰδεῖν
1609 3898 1837 3995 ἐφάνη.

487 4022 838 4087 Offendunt
881 4031 1098 4087 autem
1144 4022 1342 4088 verba
1385 4008 1669 4107 ὐλὴμασι
1712 4019 1820 4084 καὶ
1862 4017 2160 4107 χωρίοις,
2193 4038 2334 4084 cum

287 4136 694 4200 desideretur
759 4133 879 4198 hoc
952 4134 1088 4198 loco
1161 4131 1548 4213 significatio
1621 4132 1873 4197 coloris,
1963 4134 2177 4211 Atque
2253 4131 2335 4195 H.
