2909 4892
535 661 798 743 probari
844 663 1126 742 nequire,
1186 664 1354 744 quod
1408 663 1531 728 hoc
1573 665 1926 729 membrum
1971 666 2333 731 sententiae
2389 666 2590 730 totius

540 773 786 854 periodi
832 780 1168 854 repugnat,
1214 775 1450 856 quippe
1491 794 1636 838 cum
1681 775 1747 839 iu
1794 776 2315 840 antecedentibus
2357 777 2506 840 inde
2547 796 2591 839 a

536 884 749 946 verbis
792 873 885 968 μή
930 881 1209 957 πολλοῖς
1266 872 1622 967 ἐμβάλλειν
1679 874 1903 966 δεξιάν
1959 893 2193 967 agatur
2249 888 2330 951 de
2387 886 2588 951 πολυ-

542 988 757 1078 φιλία,
802 1012 990 1075 quam
1037 994 1268 1059 Graeci
1315 995 1553 1076 dieunt,
1619 995 1720 1061 his
1782 1015 1932 1061 vero
1989 997 2201 1061 verbis
2256 995 2364 1060 καὶ
2417 987 2591 1082 πρός

534 1101 645 1168 &a
673 1092 821 1168 τινά
850 1104 1064 1169 subito
1104 1105 1190 1169 ad
1220 1105 1588 1183 amicitiam,
1635 1127 1798 1188 quae
1829 1126 1971 1171 cum
2004 1126 2133 1172 uuo
2163 1108 2588 1186 contrabitur,

534 1223 926 1293 transeatur,
960 1218 1022 1281 id
1053 1219 1220 1298 quod
1252 1218 1333 1282 ab
1364 1218 1559 1299 hujus
1590 1219 1710 1283 loci
1737 1220 2061 1284 sententia
2091 1238 2281 1300 quam
2315 1220 2587 1285 maxime

530 1328 853 1393 abhorret.
944 1330 1166 1410 Neque
1224 1331 1434 1394 miuus
1497 1329 1706 1394 aliena
1768 1331 2020 1394 videtur
2075 1330 2399 1410 particula
2456 1326 2584 1396 καί.

526 1439 813 1521 Denique
870 1460 1022 1506 uum
1084 1443 1239 1506 haec
1299 1442 1441 1523 ipsa
1509 1442 1740 1506 verba:
1803 1430 1979 1527 πρός
2041 1437 2152 1504 ἕνα
2208 1431 2357 1505 τινά
2419 1431 2588 1522 μειοῖ

532 1549 795 1614 πολλῶν
835 1550 1081 1616 παθῶν
1124 1548 1452 1627 εἷςιοῦσαν
1495 1570 1765 1634 prorsus
1828 1553 1997 1617 inter
2054 1571 2123 1618 se
2175 1556 2587 1635 congruunt?

528 1662 754 1727 Nonne
828 1684 992 1746 quae
1056 1666 1358 1729 dicuutur
1418 1652 1637 1731 πολλοὶ
1701 1650 1897 1749 πάθη
1977 1664 2365 1744 respondent
2438 1664 2586 1743 inis,

526 1794 694 1856 quae
726 1777 1130 1853 antecedunt,
1167 1777 1376 1840 verbis
1404 1764 1799 1849 πολύκοινος
1827 1783 1893 1838 et
1918 1764 2280 1861 πάνδημος,
2323 1775 2589 1857 ideoque

534 1887 828 1968 opposita
876 1895 1030 1951 sunt
1072 1888 1170 1951 his
1213 1876 1388 1973 πρός
1430 1884 1543 1950 ἕνα
1571 1873 1764 1950 vad?
1803 1920 1880 1931 —-
1915 1886 2042 1952 Sed
2074 1887 2233 1950 satis
2261 1904 2583 1967 superque

534 2015 632 2062 mo
677 1997 917 2062 dixisse
961 1999 1040 2062 de
1085 1998 1202 2062 hac
1246 1999 1518 2064 lectione
1562 1998 1866 2074 arbitror,
1914 2005 1988 2061 ut
2023 1997 2158 2077 jam
2207 1997 2361 2061 mihi
2391 1997 2584 2062 liceat

530 2110 612 2173 ad
659 2109 931 2173 alteram
977 2110 1408 2190 conjecturam
1466 2129 1567 2174 me
1611 2115 2003 2186 convertere,
2064 2127 2255 2189 quam
2316 2109 2586 2172 maxime

528 2221 856 2300 amplexus
901 2240 1043 2284 esse
1088 2221 1343 2285 videtur
1388 2219 1915 2301 wyttenbachius
1962 2227 2027 2283 et
2067 2238 2260 2300 quam
2319 2219 2383 2282 in
2443 2237 2586 2283 ver·

526 2335 708 2398 sione
752 2333 986 2397 Latina
1029 2352 1099 2396 se
1140 2333 1500 2397 reddidisse
1533 2332 1732 2396 dicit:
1799 2338 1904 2412 „et
1941 2349 2086 2394 eum
2136 2329 2351 2394 multis
2398 2329 2585 2394 affec-

540 2444 712 2508 tibus
756 2444 821 2508 iu
867 2444 1113 2508 animos
1143 2451 1402 2508 nostros
1445 2442 1933 2525 ingredientem,
1984 2449 2058 2505 ut
2098 2442 2164 2504 iu
2191 2441 2588 2505 contrarium

539 2556 578 2618 i.
624 2575 680 2621 e.
722 2555 1123 2619 inimicitiam
1170 2555 1420 2622 abeat.“
1515 2555 1720 2631 Quam
1766 2552 2148 2616 senteutiam
2195 2552 2407 2616 inesse
2452 2551 2590 2615 vult

546 2665 645 2730 his
688 2666 954 2732 Graecis
998 2667 1242 2731 verbis:
1290 2654 1463 2751 πρός
1505 2660 1789 2729 ἐναντίον
1827 2651 1995 2743 parto?
2039 2659 2305 2725 πολλῶν
2343 2660 2589 2725 παθῶν

539 2774 886 2852 εἰςιοῦσαν.
975 2779 1073 2844 Ex
1117 2777 1351 2859 quibus
1395 2796 1671 2859 quonam
1729 2776 1917 2840 modo
1976 2774 2147 2838 illam
2207 2774 2591 2839 sententiam

526 2891 819 2970 potuerit
861 2889 1223 2965 extrudere,
1270 2906 1395 2951 uon
1439 2906 1700 2968 possum
1747 2904 1871 2951 non
1905 2883 2194 2950 confiteri
2228 2902 2327 2947 me
2356 2902 2586 2964 parum

528 2999 924 3081 intellegere.

739 3111 862 3177 Sed
918 3111 1053 3191 ¹iam
1112 3109 1510 3190 inquiramus
1571 3109 1635 3172 iu
1698 3109 1839 3188 ipsa
1884 3109 2079 3172 verba
2126 3107 2393 3183 Graeca,
2441 3124 2589 3171 num

533 3223 889 3286 mutatione
935 3221 1112 3284 verbi
1158 3213 1449 3282 ἐναντίαν
1493 3219 1555 3282 in
1603 3216 1887 3283 ἐναντίον
1918 3219 2105 3295 faeta,
2154 3217 2586 3294 difficultates,

526 3332 758 3412 quibus
802 3330 1216 3413 premebatur
1261 3328 1456 3407 locuS‚
1513 3348 1731 3393 omues
1793 3332 1923 3393 siut
1982 3335 2285 3393 remotae.
2378 3332 2590 3410 Atque

529 3443 810 3523 primum
870 3439 1207 3504 dicendum
1269 3445 1388 3514 est,
1448 3440 1614 3531 quod
1671 3440 1806 3520 jam
1852 3458 2049 3519 supra
2095 3440 2329 3519 monui,
2385 3442 2589 3520 parti·

535 3550 742 3617 culam
789 3545 900 3612 καί
944 3549 1063 3614 hoo
1092 3548 1230 3612 loco
1262 3567 1383 3612 uon
1417 3550 1759 3631 quadrare,
1789 3568 1933 3614 eum
1964 3545 2134 3634 μηδὲ
2161 3556 2588 3630 exspectetur.

540 3662 701 3726 Tum
748 3679 903 3724 vero
949 3659 1162 3723 verbis
1205 3648 1379 3741 πρὸς
1422 3656 1707 3724 ἐναντίον
1756 3661 1854 3725 ita
1912 3660 2222 3724 solitariis
2280 3662 2589 3726 contendo

540 3790 661 3835 non
709 3772 869 3835 bene
913 3769 1181 3850 exprimi
1212 3788 1351 3833 eam
1384 3771 1789 3849 senteutiam,
1834 3788 2026 3853 quam
2059 3770 2587 3851 Wyttenbachius

532 3882 673 3945 vult
717 3878 844 3944 inis
891 3878 1151 3944 subesse
1197 3886 1263 3943 et
1292 3900 1410 3960 ego
1442 3899 1697 3962 quoque
1724 3882 1806 3944 ad
1835 3882 2005 3945 huuc
2036 3880 2239 3944 looum
2272 3882 2593 3961 quadrare

535 3992 839 4057 arbitror.
908 3989 1130 4070 Neque
1159 3990 1226 4055 id
1252 3998 1352 4056 est
1381 3992 1824 4068 omittendum,
1868 3990 2195 4055 Reiskium
2221 3991 2587 4071 adnotasse,

534 4107 683 4190 post
749 4095 981 4189 φιλίαν
1040 4099 1258 4185 aiiqua
1321 4103 1562 4167 deesse.
1626 4136 1708 4150 -Λ
1764 4102 1975 4167 Verbo
2043 4104 2364 4182 attingere
2425 4104 2584 4167 satis
