2909 4892
1423 513 1843 573 -12-

824 679 970 744 Jam
1037 698 1207 755 vero,
1269 681 1437 744 inter
1500 679 1823 743 Ciceronis
1880 678 1959 742 de
2024 677 2306 741 amicitia
2348 676 2668 755 dialogum

621 796 687 852 et
741 788 940 853 libros
994 791 1153 854 istos
1211 789 1630 854 Plutarcheos
1692 807 2003 870 quaenam
2074 788 2160 850 sit
2217 788 2405 864 ratic,
2475 804 2668 868 quae-

621 916 858 963 ramus
953 899 1172 980 Neque
1228 900 1394 964 enim
1457 900 1641 979 pauci
1704 899 2007 977 leguntur
2067 898 2209 975 loci,
2277 899 2384 978 qui
2445 896 2666 961 simili-

621 1010 904 1073 tudinem
950 1011 1266 1090 quandam
1314 1010 1619 1090 majorem
1670 1009 1837 1072 inter
1883 1027 1992 1073 eos
2037 1009 2348 1073 exsistere
2378 1025 2667 1088 compro-

622 1121 776 1183 bare
822 1122 1135 1185 videntur.

831 1231 911 1294 Et
970 1232 1243 1313 primum
1318 1233 1570 1313 quidem
1639 1237 1712 1295 ut
1765 1230 2028 1295 afferam
2085 1249 2161 1294 ex
2218 1230 2325 1294 illo
2382 1230 2546 1294 libro
2591 1230 2670 1292 de

621 1340 984 1413 discrimine
1042 1343 1227 1408 amici
1287 1348 1354 1407 et
1397 1342 1752 1407 adulatoris
1804 1342 2154 1422 composito
2219 1340 2447 1417 locum,
2527 1337 2674 1402 Plu-

621 1451 879 1515 tarchus
924 1454 1096 1533 (pag.
1141 1460 1224 1518 48
1271 1454 1340 1519 F.
1388 1453 1531 1518 coll.
1575 1472 1720 1534 pag.
1772 1458 1851 1517 65
1884 1454 1957 1518 E.
1991 1454 2088 1534 F.)
2120 1453 2294 1530 dicit,
2338 1452 2437 1516 sui
2467 1451 2669 1531 ipsius

619 1580 836 1627 amore
881 1564 1195 1628 hominem
1262 1562 1588 1628 inductum
1651 1565 2039 1629 adulationis
2102 1582 2243 1628 esse
2305 1562 2670 1628 amantissi-

621 1692 810 1738 mum.
914 1672 1124 1738 Τοῦτο
1154 1722 1172 1750 ,
1236 1675 1461 1757 inquit,
1524 1673 1617 1758 τῷ
1671 1664 1898 1740 κόλακι
1956 1670 2206 1760 πολλήν
2259 1663 2504 1755 μεταξύ
2560 1670 2678 1758 τῆς

619 1779 848 1871 φιλίας
900 1774 1297 1871 εὐρυχωρίαν
1343 1781 1618 1850 δίδωσιν
1664 1774 2063 1873 ὁρμητήριον
2094 1783 2198 1872 ἐφ’
2229 1778 2404 1871 ἡμᾶς
2436 1774 2673 1871 εὖφυὲς

620 1890 837 1977 ἔχοντι
880 1887 997 1982 τήν
1038 1892 1410 1982 φιλαυτίαν,
1457 1893 1546 1960 δι’
1591 1885 1670 1983 ἣν
1710 1884 1913 1971 αὐτός
1942 1888 2145 1960 αὑτοῦ
2173 1884 2377 1977 κόλαξ
2404 1893 2675 1970 ἕκαστος

619 1998 708 2071 ὢν
752 2006 1016 2094 πρῶτος
1058 2006 1167 2072 καὶ
1210 2004 1517 2091 μέγιστος
1559 2032 1611 2072 κ.
1656 2032 1712 2071 τ.
1759 2007 1814 2072 λ.
1911 2009 2299 2086 Quibuscum
2359 2007 2670 2086 conferas

615 2138 778 2200 quae
825 2119 1049 2184 Cicero
1095 2119 1148 2201 ἓ.
1199 2125 1279 2183 97
1326 2119 1619 2200 scripsit:
1666 2120 2063 2199 Quamquam
2109 2119 2235 2184 ista
2296 2120 2669 2195 assentati0‚

617 2230 909 2309 quamvis
977 2229 1338 2310 perniciosa
1404 2229 1511 2305 sit,
1577 2247 1803 2292 nocere
1866 2233 2081 2293 tamen
2141 2229 2375 2294 nemini
2434 2235 2668 2310 potest,

622 2338 743 2402 nisi
789 2339 867 2415 ei,
915 2339 1024 2420 qui
1086 2357 1225 2403 eam
1287 2338 1516 2420 recipit
1575 2345 1769 2420 atque
1830 2357 1908 2403 ea
1966 2339 2337 2404 delectatur.
2432 2339 2534 2403 lta
2575 2338 2667 2416 fit,

621 2453 695 2513 ut
737 2449 792 2513 is
839 2449 1348 2515 assentatoribus
1391 2446 1738 2531 patefaciat
1782 2467 1974 2514 aures
2028 2469 2179 2514 suas
2225 2450 2515 2527 maxime,
2560 2449 2669 2530 qui

616 2559 753 2640 ipse
809 2560 932 2625 sibi
1003 2566 1370 2625 assentetur
1442 2565 1511 2624 et
1564 2578 1633 2624 se
1698 2559 1970 2624 maxime
2029 2561 2166 2643 ipse
2226 2561 2515 2626 delectet.
2587 2596 2665 2606 —-

615 2670 837 2751 Neque
890 2688 1042 2734 vero
1103 2671 1411 2735 minorem
1457 2670 1922 2735 sententiarum
1981 2671 2461 2737 similitudinem
2523 2690 2668 2751 cog-

623 2797 844 2845 nosces
903 2781 1101 2846 verba
1144 2780 1512 2846 Plutarchi:
1583 2767 1740 2844 οὗδὲ
1781 2770 1905 2864 γάρ
1951 2769 2161 2868 οἶηδής
2207 2772 2243 2845 ὁ
2288 2778 2488 2866 φίλος
2532 2769 2675 2843 οὐδ’

619 2882 899 2976 ἄκρατος
960 2879 1117 2955 οὐδὲ
1155 2889 1250 2974 τῷ
1292 2888 1509 2976 πικρῷ
1568 2881 1804 2970 σεμνᾶν
1845 2882 1884 2976 ἦ
1931 2887 2127 2975 φιλία
2169 2889 2277 2955 καὶ
2335 2880 2670 2978 αὐστηρῷ·

613 2989 753 3070 ἀλλ’
816 2990 977 3066 αὖτό
1042 2990 1125 3085 δή
1186 2999 1383 3065 τοῦτο
1461 2991 1540 3064 τό
1603 2991 1800 3064 καλόν
1860 2998 1970 3064 καὶ
2032 2991 2112 3066 τό
2168 2991 2403 3083 σεμνόν
2474 2989 2674 3087 αὐτῆς

618 3101 747 3198 ἤδη)
814 3109 921 3174 καὶ
991 3099 1416 3192 ποθούμενόν
1480 3109 1673 3188 ἐστιν,
1738 3130 2113 3193 comparans
2158 3130 2300 3178 cum
2348 3111 2669 3178 Ciceronis

615 3222 788 3288 Lael.
825 3223 882 3304 ἕ.
917 3227 1034 3286 66:
1081 3222 1361 3287 Accedat
1403 3222 1527 3286 huc
1556 3223 1843 3287 suavitas
1873 3223 2183 3303 quaedam
2231 3229 2489 3305 oportet
2531 3241 2666 3287 ser-

618 3351 874 3398 monum
943 3339 1135 3414 atque
1199 3348 1469 3410 morum,
1538 3332 2029 3413 haudquaquam
2077 3334 2393 3399 mediocre
2457 3333 2671 3397 condi-

621 3449 903 3507 mentum
964 3442 1301 3508 amicitiae.
1420 3442 1716 3508 Tristitia
1767 3449 1834 3507 et
1885 3443 1949 3507 iu
2002 3444 2171 3508 omni
2226 3462 2295 3507 re
2356 3444 2668 3507 severitas

614 3553 809 3619 habet
867 3553 978 3618 illa
1035 3553 1289 3635 quidem
1349 3553 1770 3630 gravitatem
1834 3554 1946 3618 sed
2008 3553 2291 3618 amicitia
2334 3553 2664 3618 remissior

612 3681 754 3728 esse
799 3663 986 3728 debet
1028 3669 1095 3728 et
1124 3663 1387 3728 liberior
1432 3670 1500 3727 et
1529 3663 1772 3728 dulcior
1803 3670 1870 3728 et
1899 3664 1979 3729 ad
2010 3682 2259 3728 omnem
2305 3664 2667 3729 comitatem

612 3771 1111 3854 facilitatemque
1158 3772 1521 3855 proclivior.

822 3882 894 3946 In
955 3901 1029 3947 eo
1085 3899 1335 3964 quoque
1402 3880 1537 3946 fere
1605 3883 2009 3947 consentiunt
2075 3882 2441 3963 scriptoreS‚
2506 3883 2673 3964 quod

623 3993 815 4059 amici
864 4011 1123 4073 operam
1169 4010 1294 4056 nou
1340 3992 1465 4056 nisi
1510 3992 1572 4056 in
1610 3991 1805 4072 justis
1849 3994 2042 4057 rebus
2093 3999 2160 4058 et
2201 3992 2487 4057 honestis
2526 4012 2672 4075 pos-

616 4103 828 4168 tulare
872 4121 1061 4168 verae
1106 4101 1427 4169 amicitiae
1463 4120 1602 4166 esse
1633 4103 1867 4181 dicunt,
1915 4104 1993 4168 de
2023 4122 2150 4188 qua
2180 4122 2252 4168 re
2284 4102 2666 4171 Plutarchus
